@article{qstac5f5bbib1,
  author={A Mazurenko and others},
  title={},
  journal={Nature},
  volume={545},
  year={2017},
  pages={462},
  url={https://doi.org/10.1038/nature22362},
  DOI={10.1038/nature22362}
}


@misc{qstac5f5bbib2,
  author={D Beck and others},
  year={2019},
  note={https://science.osti.gov/-/media/np/pdf/Reports/NSAC_QIS_Report.pdf}
}


@unpublished{qstac5f5bbib3,
  author={I C Cloët and others},
  title={},
  year={2019},
  note={arXiv:1903.05453}
}


@article{qstac5f5bbib4,
  author={M J Cervia and A V Patwardhan and A B Balantekin and S N Coppersmith and C W Johnson},
  title={},
  journal={Phys. Rev. D},
  volume={100},
  year={2019},
  url={https://doi.org/10.1103/physrevd.100.083001},
  DOI={10.1103/physrevd.100.083001}
}


@unpublished{qstac5f5bbib5,
  author={B Hall and A Roggero and A Baroni and J Carlson},
  title={},
  year={2021},
  note={arXiv:2102.12556}
}


@article{qstac5f5bbib6,
  author={J Preskill},
  title={},
  journal={PoS},
  volume={LATTICE2018},
  year={2018},
  pages={024},
  url={https://doi.org/10.22323/1.334.0024},
  DOI={10.22323/1.334.0024}
}


@article{qstac5f5bbib7,
  author={M Banuls and others},
  title={},
  journal={Eur. Phys. J. D},
  volume={74},
  year={2020},
  pages={165},
  url={https://doi.org/10.1140/epjd/e2020-100571-8},
  DOI={10.1140/epjd/e2020-100571-8}
}


@unpublished{qstac5f5bbib8,
  author={M Aidelsburger and others},
  title={},
  year={2021},
  note={arXiv:2106.03063}
}


@unpublished{qstac5f5bbib9,
  author={N Klco and A Roggero and M J Savage},
  title={},
  year={2021},
  note={arXiv:2107.04769}
}


@article{qstac5f5bbib10,
  author={R Blatt and C F Roos},
  title={},
  journal={Nat. Phys.},
  volume={8},
  year={2012},
  pages={277},
  url={https://doi.org/10.1038/nphys2252},
  DOI={10.1038/nphys2252}
}


@article{qstac5f5bbib11,
  author={C Monroe and others},
  title={},
  journal={Rev. Mod. Phys.},
  volume={93},
  year={2021},
  url={https://doi.org/10.1103/revmodphys.93.025001},
  DOI={10.1103/revmodphys.93.025001}
}


@article{qstac5f5bbib12,
  author={C Schneider and D Porras and T Schaetz},
  title={},
  journal={Rep. Prog. Phys.},
  volume={75},
  year={2012},
  url={https://doi.org/10.1088/0034-4885/75/2/024401},
  DOI={10.1088/0034-4885/75/2/024401}
}


@article{qstac5f5bbib13,
  author={R Islam and others},
  title={},
  journal={Nat. Commun.},
  volume={2},
  year={2011},
  pages={377},
  url={https://doi.org/10.1038/ncomms1374},
  DOI={10.1038/ncomms1374}
}


@article{qstac5f5bbib14,
  author={P Jurcevic and B P Lanyon and P Hauke and C Hempel and P Zoller and R Blatt and C F Roos},
  title={},
  journal={Nature},
  volume={511},
  year={2014},
  pages={202},
  url={https://doi.org/10.1038/nature13461},
  DOI={10.1038/nature13461}
}


@article{qstac5f5bbib15,
  author={P Richerme and Z-X Gong and A Lee and C Senko and J Smith and M Foss-Feig and S Michalakis and A V Gorshkov and C Monroe},
  title={},
  journal={Nature},
  volume={511},
  year={2014},
  pages={198},
  url={https://doi.org/10.1038/nature13450},
  DOI={10.1038/nature13450}
}


@article{qstac5f5bbib16,
  author={J Zhang and others},
  title={},
  journal={Nature},
  volume={543},
  year={2017},
  pages={217},
  url={https://doi.org/10.1038/nature21413},
  DOI={10.1038/nature21413}
}


@article{qstac5f5bbib17,
  author={P W Hess and others},
  title={},
  journal={Phil. Trans. R. Soc. A},
  volume={375},
  year={2017},
  pages={20170107},
  url={https://doi.org/10.1098/rsta.2017.0107},
  DOI={10.1098/rsta.2017.0107}
}


@article{qstac5f5bbib18,
  author={H B Kaplan and L Guo and W L Tan and A De and F Marquardt and G Pagano and C Monroe},
  title={},
  journal={Phys. Rev. Lett.},
  volume={125},
  year={2020},
  url={https://doi.org/10.1103/physrevlett.125.120605},
  DOI={10.1103/physrevlett.125.120605}
}


@article{qstac5f5bbib19,
  author={G Pagano and others},
  title={},
  journal={Proc. Natl Acad. Sci. USA},
  volume={117},
  year={2020},
  pages={25396},
  url={https://doi.org/10.1073/pnas.2006373117},
  DOI={10.1073/pnas.2006373117}
}


@article{qstac5f5bbib20,
  author={W L Tan and others},
  title={},
  journal={Nat. Phys.},
  volume={17},
  year={2021},
  pages={742},
  url={https://doi.org/10.1038/s41567-021-01194-3},
  DOI={10.1038/s41567-021-01194-3}
}


@article{qstac5f5bbib21,
  author={A Kyprianidis and others},
  title={},
  journal={Science},
  volume={372},
  year={2021},
  pages={1192},
  url={https://doi.org/10.1126/science.abg8102},
  DOI={10.1126/science.abg8102}
}


@article{qstac5f5bbib22,
  author={B P Lanyon and others},
  title={},
  journal={Science},
  volume={334},
  year={2011},
  pages={57},
  url={https://doi.org/10.1126/science.1208001},
  DOI={10.1126/science.1208001}
}


@article{qstac5f5bbib23,
  author={E A Martinez and others},
  title={},
  journal={Nature},
  volume={534},
  year={2016},
  pages={516},
  url={https://doi.org/10.1038/nature18318},
  DOI={10.1038/nature18318}
}


@book{qstac5f5bbib24,
  author={Q Ho-Kim and X-Y Pham},
  title={Elementary Particles and Their Interactions},
  publisher={Springer},
  location={Berlin},
  year={1998},
  url={https://doi.org/10.1007/978-3-662-03712-6},
  DOI={10.1007/978-3-662-03712-6},
  note={https://doi.org/10.1007/978-3-662-03712-6}
}


@book{qstac5f5bbib25,
  author={C Quigg},
  title={Gauge Theories of the Strong, Weak, and Electromagnetic Interactions},
  publisher={Princeton University Press},
  location={Princeton},
  year={2013},
  url={https://doi.org/10.1515/9781400848225},
  DOI={10.1515/9781400848225},
  note={https://doi.org/10.1515/9781400848225}
}


@book{qstac5f5bbib26,
  author={M D Schwartz},
  title={Quantum Field Theory and the Standard Model},
  publisher={Cambridge University Press},
  location={Cambridge},
  year={2014}
}


@article{qstac5f5bbib27,
  author={P Zyla and others},
  author={Particle Data Group},
  title={},
  journal={Prog. Theor. Exp. Phys.},
  volume={2020},
  year={2020},
  url={https://doi.org/10.1093/ptep/ptaa104},
  DOI={10.1093/ptep/ptaa104}
}


@unpublished{qstac5f5bbib28,
  author={D B Kaplan},
  title={},
  year={2005},
  note={arXiv:nucl-th/0510023}
}


@article{qstac5f5bbib29,
  author={R Machleidt and D R Entem},
  title={},
  journal={Phys. Rep.},
  volume={503},
  year={2011},
  pages={1},
  url={https://doi.org/10.1016/j.physrep.2011.02.001},
  DOI={10.1016/j.physrep.2011.02.001}
}


@article{qstac5f5bbib30,
  author={H W Hammer and S König and U van Kolck},
  title={},
  journal={Rev. Mod. Phys.},
  volume={92},
  year={2020},
  url={https://doi.org/10.1103/revmodphys.92.025004},
  DOI={10.1103/revmodphys.92.025004}
}


@article{qstac5f5bbib31,
  author={J Carlson and S Gandolfi and F Pederiva and S C Pieper and R Schiavilla and K E Schmidt and R B Wiringa},
  title={},
  journal={Rev. Mod. Phys.},
  volume={87},
  year={2015},
  pages={1067},
  url={https://doi.org/10.1103/revmodphys.87.1067},
  DOI={10.1103/revmodphys.87.1067}
}


@article{qstac5f5bbib32,
  author={I Tews and Z Davoudi and A Ekström and J D Holt and J E Lynn},
  title={},
  journal={J. Phys. G: Nucl. Part. Phys.},
  volume={47},
  year={2020},
  url={https://doi.org/10.1088/1361-6471/ab9079},
  DOI={10.1088/1361-6471/ab9079}
}


@article{qstac5f5bbib33,
  author={T Byrnes and Y Yamamoto},
  title={},
  journal={Phys. Rev. A},
  volume={73},
  year={2006},
  url={https://doi.org/10.1103/physreva.73.022328},
  DOI={10.1103/physreva.73.022328}
}


@article{qstac5f5bbib34,
  author={J I Cirac and P Maraner and J K Pachos},
  title={},
  journal={Phys. Rev. Lett.},
  volume={105},
  year={2010},
  url={https://doi.org/10.1103/physrevlett.105.190403},
  DOI={10.1103/physrevlett.105.190403}
}


@article{qstac5f5bbib35,
  author={L Lamata and J Casanova and R Gerritsma and C F Roos and J J García-Ripoll and E Solano},
  title={},
  journal={New J. Phys.},
  volume={13},
  year={2011},
  url={https://doi.org/10.1088/1367-2630/13/9/095003},
  DOI={10.1088/1367-2630/13/9/095003}
}


@article{qstac5f5bbib36,
  author={S P Jordan and K S M Lee and J Preskill},
  title={},
  journal={Science},
  volume={336},
  year={2012},
  pages={1130},
  url={https://doi.org/10.1126/science.1217069},
  DOI={10.1126/science.1217069}
}


@article{qstac5f5bbib37,
  author={S P Jordan and K S M Lee and J Preskill},
  title={},
  journal={Quantum Inf. Comput.},
  volume={14},
  year={2014},
  pages={1014},
  url={https://doi.org/10.26421/qic14.11-12-8},
  DOI={10.26421/qic14.11-12-8}
}


@article{qstac5f5bbib38,
  author={J Casanova and L Lamata and I L Egusquiza and R Gerritsma and C F Roos and J J García-Ripoll and E Solano},
  title={},
  journal={Phys. Rev. Lett.},
  volume={107},
  year={2011},
  url={https://doi.org/10.1103/physrevlett.107.260501},
  DOI={10.1103/physrevlett.107.260501}
}


@article{qstac5f5bbib39,
  author={L Tagliacozzo and A Celi and A Zamora and M Lewenstein},
  title={},
  journal={Ann. Phys., NY},
  volume={330},
  year={2013},
  pages={160},
  url={https://doi.org/10.1016/j.aop.2012.11.009},
  DOI={10.1016/j.aop.2012.11.009}
}


@article{qstac5f5bbib40,
  author={D Banerjee and M Dalmonte and M Müller and E Rico and P Stebler and U-J Wiese and P Zoller},
  title={},
  journal={Phys. Rev. Lett.},
  volume={109},
  year={2012},
  url={https://doi.org/10.1103/physrevlett.109.175302},
  DOI={10.1103/physrevlett.109.175302}
}


@article{qstac5f5bbib41,
  author={E Zohar and J I Cirac and B Reznik},
  title={},
  journal={Phys. Rev. Lett.},
  volume={110},
  year={2013},
  url={https://doi.org/10.1103/physrevlett.110.125304},
  DOI={10.1103/physrevlett.110.125304}
}


@article{qstac5f5bbib42,
  author={E Zohar and J I Cirac and B Reznik},
  title={},
  journal={Phys. Rev. A},
  volume={88},
  year={2013},
  url={https://doi.org/10.1103/physreva.88.023617},
  DOI={10.1103/physreva.88.023617}
}


@article{qstac5f5bbib43,
  author={P Hauke and D Marcos and M Dalmonte and P Zoller},
  title={},
  journal={Phys. Rev. X},
  volume={3},
  year={2013},
  url={https://doi.org/10.1103/physrevx.3.041018},
  DOI={10.1103/physrevx.3.041018}
}


@article{qstac5f5bbib44,
  author={A Mezzacapo and E Rico and C Sabín and I Egusquiza and L Lamata and E Solano},
  title={},
  journal={Phys. Rev. Lett.},
  volume={115},
  year={2015},
  url={https://doi.org/10.1103/physrevlett.115.240502},
  DOI={10.1103/physrevlett.115.240502}
}


@article{qstac5f5bbib45,
  author={A Bazavov and Y Meurice and S-W Tsai and J Unmuth-Yockey and J Zhang},
  title={},
  journal={Phys. Rev. D},
  volume={92},
  year={2015},
  url={https://doi.org/10.1103/physrevd.92.076003},
  DOI={10.1103/physrevd.92.076003}
}


@article{qstac5f5bbib46,
  author={T Zache and F Hebenstreit and F Jendrzejewski and M Oberthaler and J Berges and P Hauke},
  title={},
  journal={Quantum Sci. Technol.},
  volume={3},
  year={2018},
  url={https://doi.org/10.1088/2058-9565/aac33b},
  DOI={10.1088/2058-9565/aac33b}
}


@article{qstac5f5bbib47,
  author={J R Stryker},
  title={},
  journal={Phys. Rev. A},
  volume={99},
  year={2019},
  url={https://doi.org/10.1103/physreva.99.042301},
  DOI={10.1103/physreva.99.042301}
}


@article{qstac5f5bbib48,
  author={I Raychowdhury and J R Stryker},
  title={},
  journal={Phys. Rev. Res.},
  volume={2},
  year={2020},
  url={https://doi.org/10.1103/physrevresearch.2.033039},
  DOI={10.1103/physrevresearch.2.033039}
}


@article{qstac5f5bbib49,
  author={N Klco and M J Savage},
  title={},
  journal={Phys. Rev. A},
  volume={99},
  year={2019},
  url={https://doi.org/10.1103/physreva.99.052335},
  DOI={10.1103/physreva.99.052335}
}


@article{qstac5f5bbib50,
  author={J Bender and E Zohar and A Farace and J I Cirac},
  title={},
  journal={New J. Phys.},
  volume={20},
  year={2018},
  url={https://doi.org/10.1088/1367-2630/aadb71},
  DOI={10.1088/1367-2630/aadb71}
}


@article{qstac5f5bbib51,
  author={Z Davoudi and M Hafezi and C Monroe and G Pagano and A Seif and A Shaw},
  title={},
  journal={Phys. Rev. Res.},
  volume={2},
  year={2020},
  url={https://doi.org/10.1103/physrevresearch.2.023015},
  DOI={10.1103/physrevresearch.2.023015}
}


@article{qstac5f5bbib52,
  author={H Lamm and S Lawrence and Y Yamauchi},
  author={NuQS},
  title={},
  journal={Phys. Rev. D},
  volume={100},
  year={2019},
  url={https://doi.org/10.1103/physrevd.100.034518},
  DOI={10.1103/physrevd.100.034518}
}


@unpublished{qstac5f5bbib53,
  author={S Harmalkar and H Lamm and S Lawrence},
  author={NuQS},
  title={},
  year={2020},
  note={arXiv:2001.11490}
}


@article{qstac5f5bbib54,
  author={A F Shaw and P Lougovski and J R Stryker and N Wiebe},
  title={},
  journal={Quantum},
  volume={4},
  year={2020},
  pages={306},
  url={https://doi.org/10.22331/q-2020-08-10-306},
  DOI={10.22331/q-2020-08-10-306}
}


@article{qstac5f5bbib55,
  author={D E Kharzeev and Y Kikuchi},
  title={},
  journal={Phys. Rev. Res.},
  volume={2},
  year={2020},
  url={https://doi.org/10.1103/physrevresearch.2.023342},
  DOI={10.1103/physrevresearch.2.023342}
}


@unpublished{qstac5f5bbib56,
  author={B Chakraborty and M Honda and T Izubuchi and Y Kikuchi and A Tomiya},
  title={},
  year={2020},
  note={arXiv:2001.00485}
}


@article{qstac5f5bbib57,
  author={J Liu and Y Xin},
  title={},
  journal={J. High Energy Phys.},
  year={2020},
  url={https://doi.org/10.1007/jhep12(2020)011},
  DOI={10.1007/jhep12(2020)011}
}


@article{qstac5f5bbib58,
  author={J Barata and N Mueller and A Tarasov and R Venugopalan},
  title={},
  journal={Phys. Rev. A},
  volume={103},
  year={2021},
  pages={042410},
  url={https://doi.org/10.1103/PhysRevA.103.042410},
  DOI={10.1103/PhysRevA.103.042410}
}


@article{qstac5f5bbib59,
  author={D Paulson and others},
  title={},
  journal={Phys. Rev. X Quantum},
  volume={2},
  year={2021},
  pages={030334},
  url={https://doi.org/10.1103/PRXQuantum.2.030334},
  DOI={10.1103/PRXQuantum.2.030334}
}


@article{qstac5f5bbib60,
  author={A Ciavarella and N Klco and M J Savage},
  title={},
  journal={Phys. Rev. D},
  volume={103},
  year={2021},
  pages={094501},
  url={https://doi.org/10.1103/PhysRevD.103.094501},
  DOI={10.1103/PhysRevD.103.094501}
}


@unpublished{qstac5f5bbib61,
  author={R Dasgupta and I Raychowdhury},
  title={},
  year={2020},
  note={arXiv:2009.13969}
}


@article{qstac5f5bbib62,
  author={R Gerritsma and G Kirchmair and F Zähringer and E Solano and R Blatt and C F Roos},
  title={},
  journal={Nature},
  volume={463},
  year={2010},
  pages={68},
  url={https://doi.org/10.1038/nature08688},
  DOI={10.1038/nature08688}
}


@article{qstac5f5bbib63,
  author={N Klco and E F Dumitrescu and A J McCaskey and T D Morris and R C Pooser and M Sanz and E Solano and P Lougovski and M J Savage},
  title={},
  journal={Phys. Rev. A},
  volume={98},
  year={2018},
  url={https://doi.org/10.1103/physreva.98.032331},
  DOI={10.1103/physreva.98.032331}
}


@article{qstac5f5bbib64,
  author={H-H Lu and others},
  title={},
  journal={Phys. Rev. A},
  volume={100},
  year={2019},
  url={https://doi.org/10.1103/PhysRevA.100.012320},
  DOI={10.1103/PhysRevA.100.012320}
}


@article{qstac5f5bbib65,
  author={N Klco and J R Stryker and M J Savage},
  title={},
  journal={Phys. Rev. D},
  volume={101},
  year={2020},
  url={https://doi.org/10.1103/physrevd.101.074512},
  DOI={10.1103/physrevd.101.074512}
}


@article{qstac5f5bbib66,
  author={Y Atas and J Zhang and R Lewis and A Jahanpour and J F Haase and C A Muschik},
  title={},
  journal={Nat. Commun.},
  volume={12},
  year={2021},
  pages={6499},
  url={https://doi.org/10.1038/s41467-021-26825-4},
  DOI={10.1038/s41467-021-26825-4}
}


@article{qstac5f5bbib67,
  author={M Kreshchuk and S Jia and W M Kirby and G Goldstein and J P Vary and P J Love},
  title={},
  journal={Entropy},
  volume={23},
  year={2021},
  pages={597},
  url={https://doi.org/10.3390/e23050597},
  DOI={10.3390/e23050597}
}


@article{qstac5f5bbib68,
  author={C W Bauer and M Freytsis and B Nachman},
  title={},
  journal={Phys. Rev. Lett.},
  volume={127},
  year={2021},
  pages={212001},
  url={https://doi.org/10.1103/PhysRevLett.127.212001},
  DOI={10.1103/PhysRevLett.127.212001}
}


@article{qstac5f5bbib69,
  author={F Görg and K Sandholzer and J Minguzzi and R Desbuquois and M Messer and T Esslinger},
  title={},
  journal={Nat. Phys.},
  volume={15},
  year={2019},
  pages={1161},
  url={https://doi.org/10.1038/s41567-019-0615-4},
  DOI={10.1038/s41567-019-0615-4}
}


@article{qstac5f5bbib70,
  author={C Schweizer and F Grusdt and M Berngruber and L Barbiero and E Demler and N Goldman and I Bloch and M Aidelsburger},
  title={},
  journal={Nat. Phys.},
  volume={15},
  year={2019},
  pages={1168},
  url={https://doi.org/10.1038/s41567-019-0649-7},
  DOI={10.1038/s41567-019-0649-7}
}


@article{qstac5f5bbib71,
  author={A Mil and T V Zache and A Hegde and A Xia and R P Bhatt and M K Oberthaler and P Hauke and J Berges and F Jendrzejewski},
  title={},
  journal={Science},
  volume={367},
  year={2020},
  pages={1128},
  url={https://doi.org/10.1126/science.aaz5312},
  DOI={10.1126/science.aaz5312}
}


@article{qstac5f5bbib72,
  author={B Yang and H Sun and R Ott and H-Y Wang and T V Zache and J C Halimeh and Z-S Yuan and P Hauke and J-W Pan},
  title={},
  journal={Nature},
  volume={587},
  year={2020},
  pages={392},
  url={https://doi.org/10.1038/s41586-020-2910-8},
  DOI={10.1038/s41586-020-2910-8}
}


@article{qstac5f5bbib73,
  author={Z Davoudi and I Raychowdhury and A Shaw},
  title={},
  journal={Phys. Rev. D},
  volume={104},
  year={2020},
  pages={074505},
  url={https://doi.org/10.1103/PhysRevD.104.074505},
  DOI={10.1103/PhysRevD.104.074505}
}


@article{qstac5f5bbib74,
  author={S A Rahman and R Lewis and E Mendicelli and S Powell},
  title={SU(2) lattice gauge theory on a quantum annealer},
  journal={Phys. Rev. D},
  volume={104},
  year={2021},
  pages={034501},
  url={https://doi.org/10.1103/PhysRevD.104.034501},
  DOI={10.1103/PhysRevD.104.034501}
}


@article{qstac5f5bbib75,
  author={Z Davoudi and N M Linke and G Pagano},
  title={},
  journal={Phys. Rev. Research},
  volume={3},
  year={2021},
  pages={043072},
  url={https://doi.org/10.1103/PhysRevResearch.3.043072},
  DOI={10.1103/PhysRevResearch.3.043072}
}


@unpublished{qstac5f5bbib76,
  author={J R Stryker},
  title={},
  year={2021},
  note={arXiv:2105.11548}
}


@article{qstac5f5bbib77,
  author={S P Pedersen and N T Zinner},
  title={},
  journal={Phys. Rev. B},
  volume={103},
  year={2021},
  url={https://doi.org/10.1103/physrevb.103.235103},
  DOI={10.1103/physrevb.103.235103}
}


@article{qstac5f5bbib78,
  author={F Pollmann and A M Turner and E Berg and M Oshikawa},
  title={},
  journal={Phys. Rev. B},
  volume={81},
  year={2010},
  url={https://doi.org/10.1103/physrevb.81.064439},
  DOI={10.1103/physrevb.81.064439}
}


@article{qstac5f5bbib79,
  author={R Verresen and R Moessner and F Pollmann},
  title={},
  journal={Phys. Rev. B},
  volume={96},
  year={2017},
  url={https://doi.org/10.1103/physrevb.96.165124},
  DOI={10.1103/physrevb.96.165124}
}


@article{qstac5f5bbib80,
  author={R Verresen and N G Jones and F Pollmann},
  title={},
  journal={Phys. Rev. Lett.},
  volume={120},
  year={2018},
  url={https://doi.org/10.1103/physrevlett.120.057001},
  DOI={10.1103/physrevlett.120.057001}
}


@unpublished{qstac5f5bbib81,
  author={A Smith and B Jobst and A G Green and F Pollmann},
  title={},
  year={2019},
  note={arXiv:1910.05351}
}


@article{qstac5f5bbib82,
  author={C Tseng and S Somaroo and Y Sharf and E Knill and R Laflamme and T F Havel and D G Cory},
  title={},
  journal={Phys. Rev. A},
  volume={61},
  year={1999},
  url={https://doi.org/10.1103/physreva.61.012302},
  DOI={10.1103/physreva.61.012302}
}


@article{qstac5f5bbib83,
  author={G Wannier},
  title={},
  journal={Phys. Rev.},
  volume={79},
  year={1950},
  pages={357},
  url={https://doi.org/10.1103/physrev.79.357},
  DOI={10.1103/physrev.79.357}
}


@article{qstac5f5bbib84,
  author={X Peng and J Zhang and J Du and D Suter},
  title={},
  journal={Phys. Rev. Lett.},
  volume={103},
  year={2009},
  url={https://doi.org/10.1103/physrevlett.103.140501},
  DOI={10.1103/physrevlett.103.140501}
}


@article{qstac5f5bbib85,
  author={J C A d’Auriac and F Igloi},
  title={},
  journal={Phys. Rev. E},
  volume={58},
  year={1998},
  pages={241},
  url={https://doi.org/10.1103/physreve.58.241},
  DOI={10.1103/physreve.58.241}
}


@article{qstac5f5bbib86,
  author={K Penson and J Debierre and L Turban},
  title={},
  journal={Phys. Rev. B},
  volume={37},
  year={1988},
  pages={7884},
  url={https://doi.org/10.1103/physrevb.37.7884},
  DOI={10.1103/physrevb.37.7884}
}


@article{qstac5f5bbib87,
  author={D J Gross and M Mézard},
  title={},
  journal={Nucl. Phys. B},
  volume={240},
  year={1984},
  pages={431},
  url={https://doi.org/10.1016/0550-3213(84)90237-2},
  DOI={10.1016/0550-3213(84)90237-2}
}


@article{qstac5f5bbib88,
  author={E Gardner},
  title={},
  journal={Nucl. Phys. B},
  volume={257},
  year={1985},
  pages={747},
  url={https://doi.org/10.1016/0550-3213(85)90374-8},
  DOI={10.1016/0550-3213(85)90374-8}
}


@article{qstac5f5bbib89,
  author={T M Nieuwenhuizen and F Ritort},
  title={},
  journal={Physica A},
  volume={250},
  year={1998},
  pages={8},
  url={https://doi.org/10.1016/s0378-4371(97)00546-3},
  DOI={10.1016/s0378-4371(97)00546-3}
}


@article{qstac5f5bbib90,
  author={D I Tsomokos and J J Garcia-Ripoll and N R Cooper and J K Pachos},
  title={},
  journal={Phys. Rev. A},
  volume={77},
  year={2008},
  url={https://doi.org/10.1103/physreva.77.012106},
  DOI={10.1103/physreva.77.012106}
}


@book{qstac5f5bbib91,
  author={X Wen},
  title={Quantum Field Theory of Many-body Systems},
  publisher={Oxford University Press},
  location={Oxford},
  year={2004},
  url={https://doi.org/10.1093/acprof:oso/9780199227259.001.0001},
  DOI={10.1093/acprof:oso/9780199227259.001.0001},
  note={https://doi.org/10.1093/acprof:oso/9780199227259.001.0001}
}


@book{qstac5f5bbib92,
  author={P Di Francesco and P Mathieu and D Senechal},
  title={Conformal Field Theory},
  publisher={Springer},
  location={New York},
  year={1997}
}


@article{qstac5f5bbib93,
  author={S Chandrasekharan and U-J Wiese},
  title={},
  journal={Nucl. Phys. B},
  volume={492},
  year={1997},
  pages={455},
  url={https://doi.org/10.1016/s0550-3213(97)80041-7},
  DOI={10.1016/s0550-3213(97)80041-7}
}


@article{qstac5f5bbib94,
  author={R Brower and S Chandrasekharan and U Wiese},
  title={},
  journal={Phys. Rev. D},
  volume={60},
  year={1999},
  url={https://doi.org/10.1103/physrevd.60.094502},
  DOI={10.1103/physrevd.60.094502}
}


@article{qstac5f5bbib95,
  author={W Liu and W Feng and W Ren and D-W Wang and H Wang},
  title={},
  journal={Appl. Phys. Lett.},
  volume={116},
  year={2020},
  url={https://doi.org/10.1063/1.5140884},
  DOI={10.1063/1.5140884}
}


@article{qstac5f5bbib96,
  author={S P Pedersen and K S Christensen and N T Zinner},
  title={},
  journal={Phys. Rev. Res.},
  volume={1},
  year={2019},
  url={https://doi.org/10.1103/physrevresearch.1.033123},
  DOI={10.1103/physrevresearch.1.033123}
}


@article{qstac5f5bbib97,
  author={F Petiziol and M Sameti and S Carretta and S Wimberger and F Mintert},
  title={},
  journal={Phys. Rev. Lett.},
  volume={126},
  year={2021},
  url={https://doi.org/10.1103/physrevlett.126.250504},
  DOI={10.1103/physrevlett.126.250504}
}


@article{qstac5f5bbib98,
  author={J K Pachos and M B Plenio},
  title={},
  journal={Phys. Rev. Lett.},
  volume={93},
  year={2004},
  url={https://doi.org/10.1103/physrevlett.93.056402},
  DOI={10.1103/physrevlett.93.056402}
}


@article{qstac5f5bbib99,
  author={H Büchler and A Micheli and P Zoller},
  title={},
  journal={Nat. Phys.},
  volume={3},
  year={2007},
  pages={726},
  url={https://doi.org/10.1038/nphys678},
  DOI={10.1038/nphys678}
}


@article{qstac5f5bbib100,
  author={J K Pachos and P L Knight},
  title={},
  journal={Phys. Rev. Lett.},
  volume={91},
  year={2003},
  url={https://doi.org/10.1103/physrevlett.91.107902},
  DOI={10.1103/physrevlett.91.107902}
}


@article{qstac5f5bbib101,
  author={F M Gambetta and C Zhang and M Hennrich and I Lesanovsky and W Li},
  title={},
  journal={Phys. Rev. Lett.},
  volume={125},
  year={2020},
  url={https://doi.org/10.1103/physrevlett.125.133602},
  DOI={10.1103/physrevlett.125.133602}
}


@article{qstac5f5bbib102,
  author={A Bermudez and D Porras and M Martin-Delgado},
  title={},
  journal={Phys. Rev. A},
  volume={79},
  year={2009},
  url={https://doi.org/10.1103/physreva.79.060303},
  DOI={10.1103/physreva.79.060303}
}


@article{qstac5f5bbib103,
  author={D Leibfried and others},
  title={},
  journal={Nature},
  volume={422},
  year={2003},
  pages={412},
  url={https://doi.org/10.1038/nature01492},
  DOI={10.1038/nature01492}
}


@article{qstac5f5bbib104,
  author={K Mølmer and A Sørensen},
  title={},
  journal={Phys. Rev. Lett.},
  volume={82},
  year={1999},
  pages={1835},
  url={https://doi.org/10.1103/physrevlett.82.1835},
  DOI={10.1103/physrevlett.82.1835}
}


@article{qstac5f5bbib105,
  author={W Paul},
  title={},
  journal={Rev. Mod. Phys.},
  volume={62},
  year={1990},
  pages={531},
  url={https://doi.org/10.1103/revmodphys.62.531},
  DOI={10.1103/revmodphys.62.531}
}


@article{qstac5f5bbib106,
  author={W Magnus},
  title={},
  journal={Commun. Pure Appl. Math.},
  volume={7},
  year={1954},
  pages={649},
  url={https://doi.org/10.1002/cpa.3160070404},
  DOI={10.1002/cpa.3160070404}
}


@article{qstac5f5bbib107,
  author={A Steane},
  title={},
  journal={Appl. Phys. B: Lasers Opt.},
  volume={64},
  year={1997},
  pages={623},
  url={https://doi.org/10.1007/s003400050225},
  DOI={10.1007/s003400050225}
}


@article{qstac5f5bbib108,
  author={P Sala and T Shi and S Kühn and M C Banuls and E Demler and J I Cirac},
  title={},
  journal={Phys. Rev. D},
  volume={98},
  year={2018},
  url={https://doi.org/10.1103/physrevd.98.034505},
  DOI={10.1103/physrevd.98.034505}
}


@article{qstac5f5bbib109,
  author={J Kogut and L Susskind},
  title={},
  journal={Phys. Rev. D},
  volume={11},
  year={1975},
  pages={395},
  url={https://doi.org/10.1103/physrevd.11.395},
  DOI={10.1103/physrevd.11.395}
}


@unpublished{qstac5f5bbib110,
  author={T V Zache and M Van Damme and J C Halimeh and P Hauke and D Banerjee},
  title={},
  year={2021},
  note={arXiv:2104.00025}
}


@article{qstac5f5bbib111,
  author={M L Wall and A Safavi-Naini and A M Rey},
  title={},
  journal={Phys. Rev. A},
  volume={95},
  year={2017},
  url={https://doi.org/10.1103/physreva.95.013602},
  DOI={10.1103/physreva.95.013602}
}


@article{qstac5f5bbib112,
  author={K Wright and K M Beck and S Debnath and others},
  title={},
  journal={Nat. Commun.},
  volume={10},
  year={2019},
  pages={5464},
  url={https://doi.org/10.1038/s41467-019-13534-2},
  DOI={10.1038/s41467-019-13534-2}
}


@unpublished{qstac5f5bbib113,
  author={L Egan and others},
  title={},
  year={2020},
  note={arXiv:2009.11482}
}


@article{qstac5f5bbib114,
  author={C D Bruzewicz and J Chiaverini and R McConnell and J M Sage},
  title={},
  journal={Appl. Phys. Rev.},
  volume={6},
  year={2019},
  url={https://doi.org/10.1063/1.5088164},
  DOI={10.1063/1.5088164}
}


@unpublished{qstac5f5bbib115,
  author={J C Halimeh and V Kasper and P Hauke},
  title={},
  year={2020},
  note={arXiv:2009.07848}
}


@unpublished{qstac5f5bbib116,
  author={M Van Damme and H Lang and P Hauke and J C Halimeh},
  title={},
  year={2021},
  note={arXiv:2104.07040}
}


@article{qstac5f5bbib117,
  author={R Shaffer and E Megidish and J Broz and W-T Chen and H Häffner},
  title={},
  journal={npj Quantum Inf.},
  volume={7},
  year={2021},
  pages={46},
  url={https://doi.org/10.1038/s41534-021-00380-8},
  DOI={10.1038/s41534-021-00380-8}
}


@article{qstac5f5bbib118,
  author={S-L Zhu and C Monroe and L-M Duan},
  title={},
  journal={Phys. Rev. Lett.},
  volume={97},
  year={2006},
  url={https://doi.org/10.1103/physrevlett.97.050505},
  DOI={10.1103/physrevlett.97.050505}
}


@article{qstac5f5bbib119,
  author={C F Roos},
  title={},
  journal={New J. Phys.},
  volume={10},
  year={2008},
  url={https://doi.org/10.1088/1367-2630/10/1/013002},
  DOI={10.1088/1367-2630/10/1/013002}
}


@article{qstac5f5bbib120,
  author={T J Green and M J Biercuk},
  title={},
  journal={Phys. Rev. Lett.},
  volume={114},
  year={2015},
  url={https://doi.org/10.1103/physrevlett.114.120502},
  DOI={10.1103/physrevlett.114.120502}
}


@article{qstac5f5bbib121,
  author={P H Leung and K A Landsman and C Figgatt and N M Linke and C Monroe and K R Brown},
  title={},
  journal={Phys. Rev. Lett.},
  volume={120},
  year={2018},
  url={https://doi.org/10.1103/physrevlett.120.020501},
  DOI={10.1103/physrevlett.120.020501}
}


@article{qstac5f5bbib122,
  author={R Blümel and N Grzesiak and N H Nguyen and A M Green and M Li and A Maksymov and N M Linke and Y Nam},
  title={},
  journal={Phys. Rev. Lett.},
  volume={126},
  year={2021},
  pages={220503},
  url={https://doi.org/10.1103/PhysRevLett.126.220503},
  DOI={10.1103/PhysRevLett.126.220503}
}


@article{qstac5f5bbib123,
  author={J I Cirac and P Zoller},
  title={},
  journal={Phys. Rev. Lett.},
  volume={74},
  year={1995},
  pages={4091},
  url={https://doi.org/10.1103/physrevlett.74.4091},
  DOI={10.1103/physrevlett.74.4091}
}


@article{qstac5f5bbib124,
  author={D Porras and J I Cirac},
  title={},
  journal={Phys. Rev. Lett.},
  volume={92},
  year={2004},
  url={https://doi.org/10.1103/physrevlett.92.207901},
  DOI={10.1103/physrevlett.92.207901}
}


@article{qstac5f5bbib125,
  author={J W Britton and B C Sawyer and A C Keith and C-C J Wang and J K Freericks and H Uys and M J Biercuk and J J Bollinger},
  title={},
  journal={Nature},
  volume={484},
  year={2012},
  pages={489},
  url={https://doi.org/10.1038/nature10981},
  DOI={10.1038/nature10981}
}


@article{qstac5f5bbib126,
  author={S Korenblit and others},
  title={},
  journal={New J. Phys.},
  volume={14},
  year={2012},
  url={https://doi.org/10.1088/1367-2630/14/9/095024},
  DOI={10.1088/1367-2630/14/9/095024}
}


@article{qstac5f5bbib127,
  author={Y H Teoh and M Drygala and R G Melko and R Islam},
  title={},
  journal={Quantum Sci. Technol.},
  volume={5},
  year={2020},
  url={https://doi.org/10.1088/2058-9565/ab657a},
  DOI={10.1088/2058-9565/ab657a}
}


@article{qstac5f5bbib128,
  author={C Senko and P Richerme and J Smith and A Lee and I Cohen and A Retzker and C Monroe},
  title={},
  journal={Phys. Rev. X},
  volume={5},
  year={2015},
  url={https://doi.org/10.1103/physrevx.5.021026},
  DOI={10.1103/physrevx.5.021026}
}


@article{qstac5f5bbib129,
  author={P J Low and B M White and A A Cox and M L Day and C Senko},
  title={},
  journal={Phys. Rev. Res.},
  volume={2},
  year={2020},
  url={https://doi.org/10.1103/physrevresearch.2.033128},
  DOI={10.1103/physrevresearch.2.033128}
}


@article{qstac5f5bbib130,
  author={L Lamata and A Mezzacapo and J Casanova and E Solano},
  title={},
  journal={EPJ Quantum Technol.},
  volume={1},
  year={2014},
  pages={9},
  url={https://doi.org/10.1140/epjqt9},
  DOI={10.1140/epjqt9}
}


@article{qstac5f5bbib131,
  author={A Mezzacapo and J Casanova and L Lamata and E Solano},
  title={},
  journal={Phys. Rev. Lett.},
  volume={109},
  year={2012},
  url={https://doi.org/10.1103/physrevlett.109.200501},
  DOI={10.1103/physrevlett.109.200501}
}


