@techreport{addy2000ice,
  title={Ice accretions and icing effects for modern airfoils},
  author={Addy Jr, Harold E},
  year={2000},
  institution={DTIC Document}
}

@article{ahn2007multi,
  title={Multi-material interface reconstruction on generalized polyhedral meshes},
  author={Ahn, Hyung Taek and Shashkov, Mikhail},
  journal={Journal of Computational Physics},
  volume={226},
  number={2},
  pages={2096--2132},
  year={2007},
  publisher={Elsevier}
}

@article{ahn2009adaptive,
  title={Adaptive moment-of-fluid method},
  author={Ahn, Hyung Taek and Shashkov, Mikhail},
  journal={Journal of Computational Physics},
  volume={228},
  number={8},
  pages={2792--2821},
  year={2009},
  publisher={Elsevier}
}

@article{ahn2009moment,
  title={The moment-of-fluid method in action},
  author={Ahn, Hyung Taek and Shashkov, Mikhail and Christon, Mark A},
  journal={communications in Numerical Methods in Engineering},
  volume={25},
  number={10},
  pages={1009--1018},
  year={2009},
  publisher={Wiley Online Library}
}


@article{alavi2012simulation,
  title={Simulation of semi-molten particle impacts including heat transfer and phase change},
  author={Alavi, S and Passandideh-Fard, Mohammad and Mostaghimi, J},
  journal={Journal of thermal spray technology},
  volume={21},
  number={6},
  pages={1278--1293},
  year={2012},
  publisher={Springer}
}

@book{alexiades1992mathematical,
  title={Mathematical modeling of melting and freezing processes},
  author={Alexiades, Vasilios},
  year={1992},
  publisher={CRC Press}
}

@article{anderson1996case,
  title={The case for a dynamic contact angle in containerless solidification},
  author={Anderson, DM and Worster, M Grae and Davis, SH},
  journal={Journal of crystal growth},
  volume={163},
  number={3},
  pages={329--338},
  year={1996},
  publisher={Elsevier}
}

@article{aziz2000impact,
  title={Impact, recoil and splashing of molten metal droplets},
  author={Aziz, Shiraz D and Chandra, Sanjeev},
  journal={International journal of heat and mass transfer},
  volume={43},
  number={16},
  pages={2841--2857},
  year={2000},
  publisher={Elsevier}
}

@article{bell1978refinement,
  title={A refinement of the heat balance integral method applied to a melting problem},
  author={Bell, GE},
  journal={International Journal of Heat and Mass Transfer},
  volume={21},
  number={11},
  pages={1357--1362},
  year={1978},
  publisher={Elsevier}
}

@article{bell1989second,
  title={A second-order projection method for the incompressible Navier-Stokes equations},
  author={Bell, John B and Colella, Phillip and Glaz, Harland M},
  journal={Journal of Computational Physics},
  volume={85},
  number={2},
  pages={257--283},
  year={1989},
  publisher={Elsevier}
}

@article{blake2015simulating,
  title={Simulating the freezing of supercooled water droplets impacting a cooled substrate},
  author={Blake, Joshua and Thompson, David and Raps, Dominik and Strobl, Tobias},
  journal={AIAA Journal},
  volume={53},
  number={7},
  pages={1725--1739},
  year={2015},
  publisher={American Institute of Aeronautics and Astronautics}
}

@article{bonacina1973numerical,
  title={Numerical solution of phase-change problems},
  author={Bonacina, Comini and Comini, G and Fasano, A and Primicerio, M 1973},
  journal={International Journal of Heat and Mass Transfer},
  volume={16},
  number={10},
  pages={1825--1832},
  year={1973},
  publisher={Elsevier}
}

@article{bonhomme2012inertial,
  title={Inertial dynamics of air bubbles crossing a horizontal fluid--fluid interface},
  author={Bonhomme, Romain and Magnaudet, Jacques and Duval, Fabien and Piar, Bruno},
  journal={Journal of Fluid Mechanics},
  volume={707},
  pages={405--443},
  year={2012},
  publisher={Cambridge Univ Press}
}

@inproceedings{bragg1996aerodynamics,
  title={Aerodynamics of supercooled-large-droplet ice accretion and the effect on aircraft control},
  author={Bragg, MB},
  booktitle={Proceedings of the FAA International Conference on Aircraft Inflight Icing},
  volume={2},
  pages={387--399},
  year={1996}
}

@article{bragg2007airfoil,
  title={Airfoil ice-accretion aerodynamics simulation},
  author={Bragg, Michael and Broeren, Andy and Addy, Harold and Potapczuk, Mark and Guffond, Didier and Montreuil, Emmanuel},
  journal={AIAA Paper},
  volume={85},
  pages={22},
  year={2007}
}

@article{broeren2010aerodynamic,
  title={Aerodynamic simulation of runback ice accretion},
  author={Broeren, Andy P and Whalen, Edward A and Busch, Greg T and Bragg, Michael B},
  journal={Journal of Aircraft},
  volume={47},
  number={3},
  pages={924--939},
  year={2010}
}

@article{caboussat2008numerical,
  title={A numerical method for interface reconstruction of triple points within a volume tracking algorithm},
  author={Caboussat, Alexandre and Francois, Marianne M and Glowinski, Roland and Kothe, Douglas B and Sicilian, James M},
  journal={Mathematical and Computer Modelling},
  volume={48},
  number={11},
  pages={1957--1971},
  year={2008},
  publisher={Elsevier}
}

@article{caldwell2000spherical,
  title={Spherical solidification by the enthalpy method and the heat balance integral method},
  author={Caldwell, James and Chan, Ching-Chuen},
  journal={Applied Mathematical Modelling},
  volume={24},
  number={1},
  pages={45--53},
  year={2000},
  publisher={Elsevier}
}

@article{cao1989numerical,
  title={A numerical analysis of Stefan problems for generalized multi-dimensional phase-change structures using the enthalpy transforming model},
  author={Cao, Yiding and Faghri, Amir and Chang, Won Soon},
  journal={International journal of heat and mass transfer},
  volume={32},
  number={7},
  pages={1289--1298},
  year={1989},
  publisher={Elsevier}
}

@article{cao1990numerical,
  title={A numerical analysis of phase-change problems including natural convection},
  author={Cao, Y and Faghri, A},
  journal={Journal of heat transfer},
  volume={112},
  number={3},
  pages={812--816},
  year={1990},
  publisher={American Society of Mechanical Engineers}
}

@book{carslaw1959conduction,
  title={Conduction of heat in solids},
  author={Carslaw, Horatio Scott and Jaeger, John Conrad and others},
  volume={2},
  year={1959},
  publisher={Clarendon Press Oxford}
}

@article{cebeci2003aircraft,
  title={Aircraft icing},
  author={Cebeci, Tuncer and Kafyeke, Fassi},
  journal={Annual review of fluid mechanics},
  volume={35},
  number={1},
  pages={11--21},
  year={2003},
  publisher={Annual Reviews 4139 El Camino Way, PO Box 10139, Palo Alto, CA 94303-0139, USA}
}

@article{chen2009numerical,
  title={A numerical scheme for the Stefan problem on adaptive Cartesian grids with supralinear convergence rate},
  author={Chen, Han and Min, Chohong and Gibou, Fr{\'e}d{\'e}ric},
  journal={Journal of Computational Physics},
  volume={228},
  number={16},
  pages={5803--5818},
  year={2009},
  publisher={Elsevier}
}

@article{chaudhary2014freezing,
  title={Freezing of water droplets on solid surfaces: An experimental and numerical study},
  author={Chaudhary, Gaurav and Li, Ri},
  journal={Experimental Thermal and Fluid Science},
  volume={57},
  pages={86--93},
  year={2014},
  publisher={Elsevier}
}

@article{chorin1968numerical,
  title={Numerical solution of the Navier-Stokes equations},
  author={Chorin, Alexandre Joel},
  journal={Mathematics of computation},
  volume={22},
  number={104},
  pages={745--762},
  year={1968}
}

@article{comini1974finite,
  title={Finite element solution of non-linear heat conduction problems with special reference to phase change},
  author={Comini, G and Del Guidice, S and Lewis, RW and Zienkiewicz, OC},
  journal={International Journal for Numerical Methods in Engineering},
  volume={8},
  number={3},
  pages={613--624},
  year={1974},
  publisher={Wiley Online Library}
}

@book{davis2001theory,
  title={Theory of solidification},
  author={Davis, Stephen H},
  year={2001},
  publisher={Cambridge University Press}
}

@book{de2013capillarity,
  title={Capillarity and wetting phenomena: drops, bubbles, pearls, waves},
  author={De Gennes, Pierre-Gilles and Brochard-Wyart, Fran{\c{c}}oise and Qu{\'e}r{\'e}, David},
  year={2013},
  publisher={Springer Science \& Business Media}
}

@article{dyadechko2005moment,
  title={Moment-of-fluid interface reconstruction},
  author={Dyadechko, Vadim and Shashkov, Mikhail},
  journal={Los Alamos report LA-UR-05-7571},
  year={2005}
}

@article{dyadechko2008reconstruction,
  title={Reconstruction of multi-material interfaces from moment data},
  author={Dyadechko, Vadim and Shashkov, Mikhail},
  journal={Journal of Computational Physics},
  volume={227},
  number={11},
  pages={5361--5384},
  year={2008},
  publisher={Elsevier}
}

@article{enri2012freezing,
  title={Freezing singularities in water drops},
  author={Enri{\'{}} quez, Oscar R and Mari{\'{}} n, A{\'{}} lvaro G and Winkels, Koen G and Snoeijer, Jacco H},
  journal={Physics of fluids},
  volume={24},
  number={9},
  pages={091102},
  year={2012}
}

@article{esmaeeli2004computations1,
  title={Computations of film boiling. Part I: numerical method},
  author={Esmaeeli, Asghar and Tryggvason, Gr{\'e}tar},
  journal={International Journal of Heat and Mass Transfer},
  volume={47},
  number={25},
  pages={5451--5461},
  year={2004},
  publisher={Elsevier}
}

@article{esmaeeli2004computations2,
  title={Computations of film boiling. Part II: multi-mode film boiling},
  author={Esmaeeli, Asghar and Tryggvason, Gr{\'e}tar},
  journal={International journal of heat and mass transfer},
  volume={47},
  number={25},
  pages={5463--5476},
  year={2004},
  publisher={Elsevier}
}

@article{francois2006balanced,
  title={A balanced-force algorithm for continuous and sharp interfacial surface tension models within a volume tracking framework},
  author={Francois, Marianne M and Cummins, Sharen J and Dendy, Edward D and Kothe, Douglas B and Sicilian, James M and Williams, Matthew W},
  journal={Journal of Computational Physics},
  volume={213},
  number={1},
  pages={141--173},
  year={2006},
  publisher={Elsevier}
}

@article{gent2000aircraft,
  title={Aircraft icing},
  author={Gent, RW and Dart, NP and Cansdale, JT},
  journal={Philosophical Transactions of the Royal Society of London. Series A: Mathematical, Physical and Engineering Sciences},
  volume={358},
  number={1776},
  pages={2873--2911},
  year={2000},
  publisher={The Royal Society}
}

@inproceedings{tatebe1993multigrid,
  title={The multigrid preconditioned conjugate gradient method},
  author={Tatebe, Osamu},
  booktitle={NASA. Langley Research Center, The Sixth Copper Mountain Conference on Multigrid Methods, Part 2},
  year={1993}
}

@article{gibou2002second,
  title={A second-order-accurate symmetric discretization of the Poisson equation on irregular domains},
  author={Gibou, Frederic and Fedkiw, Ronald P and Cheng, Li-Tien and Kang, Myungjoo},
  journal={Journal of Computational Physics},
  volume={176},
  number={1},
  pages={205--227},
  year={2002},
  publisher={Elsevier}
}
@article{gibou2007level,
  title={A level set based sharp interface method for the multiphase incompressible Navier--Stokes equations with phase change},
  author={Gibou, Fr{\'e}d{\'e}ric and Chen, Liguo and Nguyen, Duc and Banerjee, Sanjoy},
  journal={Journal of Computational Physics},
  volume={222},
  number={2},
  pages={536--555},
  year={2007},
  publisher={Elsevier}
}

@article{goodman1958heat,
  title={The heat-balance integral and its application to problems involving a change of phase},
  author={Goodman, Theodore R},
  journal={Trans. ASME},
  volume={80},
  number={2},
  pages={335--342},
  year={1958}
}

@article{hindmarsh2003experimental,
  title={Experimental and numerical analysis of the temperature transition of a suspended freezing water droplet},
  author={Hindmarsh, JP and Russell, AB and Chen, XD},
  journal={International Journal of Heat and Mass Transfer},
  volume={46},
  number={7},
  pages={1199--1213},
  year={2003},
  publisher={Elsevier}
}

@article{hindmarsh2004imaging,
  title={Imaging droplet freezing using MRI},
  author={Hindmarsh, JP and Buckley, C and Russell, AB and Chen, XD and Gladden, LF and Wilson, DI and Johns, ML},
  journal={Chemical engineering science},
  volume={59},
  number={10},
  pages={2113--2122},
  year={2004},
  publisher={Elsevier}
}

@article{hirt1981volume,
  title={Volume of fluid (VOF) method for the dynamics of free boundaries},
  author={Hirt, Cyril W and Nichols, Billy D},
  journal={Journal of computational physics},
  volume={39},
  number={1},
  pages={201--225},
  year={1981},
  publisher={Elsevier}
}

@article{hoffer1961laboratory,
  title={A laboratory investigation of droplet freezing},
  author={Hoffer, Thomas E},
  journal={Journal of Meteorology},
  volume={18},
  number={6},
  pages={766--778},
  year={1961}
}

@book{hosford2006materials,
  title={Materials science: an intermediate text},
  author={Hosford, William F},
  year={2006},
  publisher={Cambridge University Press}
}

@article{hu2010experimental,
  title={Experimental investigations of micro-scale flow and heat transfer phenomena by using molecular tagging techniques},
  author={Hu, Hui and Jin, Zheyan and Nocera, Daniel and Lum, Chee and Koochesfahani, Manoochehr},
  journal={Measurement Science and Technology},
  volume={21},
  number={8},
  pages={085401},
  year={2010},
  publisher={IOP Publishing}
}

@book{ishii2010thermo,
  title={Thermo-fluid dynamics of two-phase flow},
  author={Ishii, Mamoru and Hibiki, Takashi},
  year={2010},
  publisher={Springer Science \& Business Media}
}

@article{jemison2014compressible,
  title={Compressible, multiphase semi-implicit method with moment of fluid interface representation},
  author={Jemison, Matthew and Sussman, Mark and Arienti, Marco},
  journal={Journal of Computational Physics},
  volume={279},
  pages={182--217},
  year={2014},
  publisher={Elsevier}
}

@article{jemison2013coupled,
  title={A coupled level set-moment of fluid method for incompressible two-phase flows},
  author={Jemison, Matthew and Loch, Eva and Sussman, Mark and Shashkov, Mikhail and Arienti, Marco and Ohta, Mitsuhiro and Wang, Yaohong},
  journal={Journal of Scientific Computing},
  volume={54},
  number={2-3},
  pages={454--491},
  year={2013},
  publisher={Springer}
}

@article{sussman2009stable,
 title={A stable and efficient method for treating surface tension in incompressible two-phase flow},
 author={Sussman, Mark and Ohta, Mitsuhiro},
 journal={SIAM Journal on Scientific Computing},
 volume={31},
 number={4},
 pages={2447--2471},
 year={2009},
 publisher={SIAM}
}


@article{arienti2014embedded,
 title={An embedded level set method for sharp-interface multiphase simulations of Diesel injectors},
 author={Arienti, Marco and Sussman, M},
 journal={International Journal of Multiphase Flow},
 volume={59},
 pages={1--14},
 year={2014},
 publisher={Elsevier}
}

@article{jemison2015filament,
  title={Filament capturing with the multimaterial moment-of-fluid method},
  author={Jemison, Matthew and Sussman, Mark and Shashkov, Mikhail},
  journal={Journal of Computational Physics},
  volume={285},
  pages={149--172},
  year={2015},
  publisher={Elsevier}
}

@article{jung2011superhydrophobic,
  title={Are superhydrophobic surfaces best for icephobicity?},
  author={Jung, Stefan and Dorrestijn, Marko and Raps, Dominik and Das, Arindam and Megaridis, Constantine M and Poulikakos, Dimos},
  journal={Langmuir},
  volume={27},
  number={6},
  pages={3059--3066},
  year={2011},
  publisher={ACS Publications}
}

@article{jung2012mechanism,
  title={Mechanism of supercooled droplet freezing on surfaces},
  author={Jung, Stefan and Tiwari, Manish K and Doan, N Vuong and Poulikakos, Dimos},
  journal={Nature communications},
  volume={3},
  pages={615},
  year={2012},
  publisher={Nature Publishing Group}
}

@article{kang2000boundary,
  title={A boundary condition capturing method for multiphase incompressible flow},
  author={Kang, Myungjoo and Fedkiw, Ronald P and Liu, Xu-Dong},
  journal={Journal of Scientific Computing},
  volume={15},
  number={3},
  pages={323--360},
  year={2000},
  publisher={Springer}
}

@article{kim2007phase,
  title={Phase field computations for ternary fluid flows},
  author={Kim, Junseok},
  journal={Computer methods in applied mechanics and engineering},
  volume={196},
  number={45},
  pages={4779--4788},
  year={2007},
  publisher={Elsevier}
}

@article{kucharik2010comparative,
  title={A comparative study of interface reconstruction methods for multi-material ALE simulations},
  author={Kucharik, Milan and Garimella, Rao V and Schofield, Samuel P and Shashkov, Mikhail J},
  journal={Journal of Computational Physics},
  volume={229},
  number={7},
  pages={2432--2452},
  year={2010},
  publisher={Elsevier}
}

@article{kwatra2009method,
  title={A method for avoiding the acoustic time step restriction in compressible flow},
  author={Kwatra, Nipun and Su, Jonathan and Gr{\'e}tarsson, J{\'o}n T and Fedkiw, Ronald},
  journal={Journal of Computational Physics},
  volume={228},
  number={11},
  pages={4146--4161},
  year={2009},
  publisher={Elsevier}
}

@article{latka2012creation,
  title={Creation of prompt and thin-sheet splashing by varying surface roughness or increasing air pressure},
  author={Latka, Andrzej and Strandburg-Peshkin, Ariana and Driscoll, Michelle M and Stevens, Cacey S and Nagel, Sidney R},
  journal={Physical review letters},
  volume={109},
  number={5},
  pages={054501},
  year={2012},
  publisher={APS}
}

@article{le2005impact,
  title={Impact and solidification of indium droplets on a cold substrate},
  author={Le Bot, C{\'e}dric and Vincent, St{\'e}phane and Arquis, Eric},
  journal={International Journal of Thermal Sciences},
  volume={44},
  number={3},
  pages={219--233},
  year={2005},
  publisher={Elsevier}
}

@article{le2015numerical,
  title={Numerical simulation of several impacting ceramic droplets with liquid/solid phase change},
  author={Le Bot, C{\'e}dric and Vincent, St{\'e}phane and Meillot, Erick and Sarret, Fr{\'e}d{\'e}ric and Caltagirone, Jean-Paul and Bianchi, Luc},
  journal={Surface and Coatings Technology},
  volume={268},
  pages={272--277},
  year={2015},
  publisher={Elsevier}
}

@article{li20123d,
  title={3D numerical simulation of successive deposition of uniform molten Al droplets on a moving substrate and experimental validation},
  author={Li, Hejun and Wang, Pengyun and Qi, Lehua and Zuo, Hansong and Zhong, Songyi and Hou, Xianghui},
  journal={Computational Materials Science},
  volume={65},
  pages={291--301},
  year={2012},
  publisher={Elsevier}
}

@article{li2015multiphase,
  title={Incompressible multiphase flow and encapsulation simulations using the moment-of-fluid method},
  author={Li, Guibo and Lian, Yongsheng and Guo, Yisen and Jemison, Matthew and Sussman, Mark and Helms, Trevor and Arienti, Marco},
  journal={International Journal for Numerical Methods in Fluids},
  volume={79},
  number={9},
  pages={456--490},
  year={2015},
  publisher={Wiley Online Library}
}

@techreport{lian2015investigation,
  title={Investigation of the Splashing Phenomenon of Large Droplets for Aviation Safety},
  author={Lian, Yongsheng and Guo, Yisen},
  year={2015},
  institution={SAE Technical Paper}
}

@article{liu1993numerical,
  title={Numerical simulation of substrate impact and freezing of droplets in plasma spray processes},
  author={Liu, Huimin and Lavernia, Enrique J and Rangel, Roger H},
  journal={Journal of Physics D: Applied Physics},
  volume={26},
  number={11},
  pages={1900},
  year={1993},
  publisher={IOP Publishing}
}

@article{lynch2001effects,
  title={Effects of ice accretions on aircraft aerodynamics},
  author={Lynch, Frank T and Khodadoust, Abdollah},
  journal={Progress in Aerospace Sciences},
  volume={37},
  number={8},
  pages={669--767},
  year={2001},
  publisher={Elsevier}
}

@article{madejski1976solidification,
  title={Solidification of droplets on a cold surface},
  author={Madejski, J},
  journal={International Journal of Heat and Mass Transfer},
  volume={19},
  number={9},
  pages={1009--1013},
  year={1976},
  publisher={Elsevier}
}

@article{marin2014universality,
  title={Universality of tip singularity formation in freezing water drops},
  author={Marin, Alvaro G and Enriquez, Oscar R and Brunet, Philippe and Colinet, Pierre and Snoeijer, Jacco H},
  journal={Physical review letters},
  volume={113},
  number={5},
  pages={054301},
  year={2014},
  publisher={APS}
}

@article{marwitz1997meteorological,
  title={Meteorological conditions associated with the ATR72 aircraft accident near Roselawn, Indiana, on 31 October 1994},
  author={Marwitz, J and Politovich, M and Bernstein, B and Ralph, F and Neiman, P and Ashenden, R and Bresch, J},
  journal={Bulletin of the American Meteorological Society},
  volume={78},
  number={1},
  pages={41--52},
  year={1997}
}

@inproceedings{mihalef2006physics,
  title={Physics based boiling simulation},
  author={Mihalef, Viorel and Unlusu, Betul and Metaxas, Dimitris and Sussman, Mark and Hussaini, M Yousuff},
  booktitle={Proceedings of the 2006 ACM SIGGRAPH/Eurographics symposium on Computer animation},
  pages={317--324},
  year={2006},
  organization={Eurographics Association}
}

@article{mishchenko2010design,
  title={Design of ice-free nanostructured surfaces based on repulsion of impacting water droplets},
  author={Mishchenko, Lidiya and Hatton, Benjamin and Bahadur, Vaibhav and Taylor, J Ashley and Krupenkin, Tom and Aizenberg, Joanna},
  journal={ACS nano},
  volume={4},
  number={12},
  pages={7699--7707},
  year={2010},
  publisher={ACS Publications}
}

@article{miyawaki1989numerical,
  title={A numerical model to describe freezing of foods when supercooling occurs},
  author={Miyawaki, Osato and Abe, Toru and Yano, Toshimasa},
  journal={Journal of food engineering},
  volume={9},
  number={2},
  pages={143--151},
  year={1989},
  publisher={Elsevier}
}

@article{moghtadernejad2015concurrent,
  title={Concurrent droplet coalescence and solidification on surfaces with various wettabilities},
  author={Moghtadernejad, Sara and Jadidi, Mehdi and Tembely, Moussa and Esmail, Nabil and Dolatabadi, Ali},
  journal={Journal of Fluids Engineering},
  volume={137},
  number={7},
  pages={071302},
  year={2015},
  publisher={American Society of Mechanical Engineers}
}

@article{murray1959numerical,
  title={Numerical and machine solutions of transient heat-conduction problems involving melting or freezing},
  author={Murray, William D and Landis, Fred},
  journal={J. Heat Transfer},
  volume={81},
  number={C},
  pages={106--112},
  year={1959}
}

@article{nakakita2010toward,
  title={Toward real-time aero-icing simulation of complete aircraft via FENSAP-ICE},
  author={Nakakita, Kunio and Nadarajah, Siva and Habashi, Wagdi},
  journal={Journal of Aircraft},
  volume={47},
  number={1},
  pages={96--109},
  year={2010}
}

@article{oberli2014condensation,
  title={Condensation and freezing of droplets on superhydrophobic surfaces},
  author={Oberli, Linda and Caruso, Dean and Hall, Colin and Fabretto, Manrico and Murphy, Peter J and Evans, Drew},
  journal={Advances in colloid and interface science},
  volume={210},
  pages={47--57},
  year={2014},
  publisher={Elsevier}
}

@article{osher1988fronts,
  title={Fronts propagating with curvature-dependent speed: algorithms based on Hamilton-Jacobi formulations},
  author={Osher, Stanley and Sethian, James A},
  journal={Journal of computational physics},
  volume={79},
  number={1},
  pages={12--49},
  year={1988},
  publisher={Elsevier}
}

@article{pasandideh1998deposition,
  title={Deposition of tin droplets on a steel plate: simulations and experiments},
  author={Pasandideh-Fard, M and Bhola, R and Chandra, S and Mostaghimi, J},
  journal={International Journal of Heat and Mass Transfer},
  volume={41},
  number={19},
  pages={2929--2945},
  year={1998},
  publisher={Elsevier}
}

@article{pasandideh2002three,
  title={A three-dimensional model of droplet impact and solidification},
  author={Pasandideh-Fard, M and Chandra, S and Mostaghimi, J},
  journal={International Journal of Heat and Mass Transfer},
  volume={45},
  number={11},
  pages={2229--2242},
  year={2002},
  publisher={Elsevier}
}

@article{pathak2016three,
  title={A three-dimensional volume-of-fluid method for reconstructing and advecting three-material interfaces forming contact lines},
  author={Pathak, Ashish and Raessi, Mehdi},
  journal={Journal of Computational Physics},
  volume={307},
  pages={550--573},
  year={2016},
  publisher={Elsevier}
}

@article{politovich1989aircraft,
  title={Aircraft icing caused by large supercooled droplets},
  author={Politovich, Marcia K},
  journal={Journal of Applied Meteorology},
  volume={28},
  number={9},
  pages={856--868},
  year={1989}
}

@Misc{potapczuk2004semi,
  title={Semi-empirical modeling of SLD physics},
  author={Potapczuk, Mark G},
  year={2004}
}

@inproceedings{raessi2013computational,
  title={Computational Simulation of the Impact and Freezing of Micron-Size Water Droplets on Super-Hydrophobic Surfaces},
  author={Raessi, Mehdi and Thiele, Miranda and Amirzadeh, Behrooz},
  booktitle={ASME 2013 Heat Transfer Summer Conference collocated with the ASME 2013 7th International Conference on Energy Sustainability and the ASME 2013 11th International Conference on Fuel Cell Science, Engineering and Technology},
  pages={V002T07A032--V002T07A032},
  year={2013},
  organization={American Society of Mechanical Engineers}
}

@article{rauschenberger2013comparative,
  title={Comparative assessment of Volume-of-Fluid and Level-Set methods by relevance to dendritic ice growth in supercooled water},
  author={Rauschenberger, P and Criscione, Antonio and Eisenschmidt, K and Kintea, D and Jakirli{\'c}, Suad and Tukovi{\'c}, {\v{Z}}eljko and Roisman, IV and Weigand, B and Tropea, Cameron},
  journal={Computers \& Fluids},
  volume={79},
  pages={44--52},
  year={2013},
  publisher={Elsevier}
}

@article{rauschenberger2015volume,
  title={A Volume-of-Fluid method with interface reconstruction for ice growth in supercooled water},
  author={Rauschenberger, Philipp and Weigand, Bernhard},
  journal={Journal of Computational Physics},
  volume={282},
  pages={98--112},
  year={2015},
  publisher={Elsevier}
}

@article{rein1993phenomena,
  title={Phenomena of liquid drop impact on solid and liquid surfaces},
  author={Rein, Martin},
  journal={Fluid Dynamics Research},
  volume={12},
  number={2},
  pages={61},
  year={1993},
  publisher={IOP Publishing}
}

@Misc{ruff1990users,
  title={Users manual for the NASA Lewis ice accretion prediction code (LEWICE)},
  author={Ruff, Gary A and Berkowitz, Brian M},
  year={1990}
}

@misc{breiman1984classification,
 title={Classification and regression trees. Monterey, CA: wadsworth \& Brooks/Cole advanced books \& software},
 author={Breiman, Leo and Friedman, JH and Olshen, RA and Stone, CJ},
 year={1984}
}

@article{saeed2000state,
  title={State-of-the-art aircraft icing and anti-icing simulation},
  author={Saeed, Farooq},
  journal={ARA (American Romanian Academy) Journal},
  pages={2000--2002},
  year={2000}
}

@article{schetnikov2015conical,
  title={Conical shape of frozen water droplets},
  author={Schetnikov, Andrei and Matiunin, Vitalii and Chernov, Vyacheslav},
  journal={American Journal of Physics},
  volume={83},
  number={1},
  pages={36--38},
  year={2015},
  publisher={American Association of Physics Teachers}
}

@article{schiaffino1997molten,
  title={Molten droplet deposition and solidification at low Weber numbers},
  author={Schiaffino, Stefano and Sonin, Ain A},
  journal={Physics of Fluids (1994-present)},
  volume={9},
  number={11},
  pages={3172--3187},
  year={1997},
  publisher={AIP Publishing}
}

@article{schofield2008material,
  title={Material order-independent interface reconstruction using power diagrams},
  author={Schofield, Samuel P and Garimella, Rao V and Francois, Marianne M and Loub{\`e}re, Rapha{\"e}l},
  journal={International journal for numerical methods in fluids},
  volume={56},
  number={6},
  pages={643},
  year={2008},
  publisher={John Wiley \& Sons, Ltd}
}

@article{cummins2005estimating,
  title={Estimating curvature from volume fractions},
  author={Cummins, Sharen J and Francois, Marianne M and Kothe, Douglas B},
  journal={Computers \& structures},
  volume={83},
  number={6-7},
  pages={425--434},
  year={2005},
  publisher={Elsevier}
}

@article{sussman2003second,
  title={A second order coupled level set and volume-of-fluid method for computing growth and collapse of vapor bubbles},
  author={Sussman, Mark},
  journal={Journal of Computational Physics},
  volume={187},
  number={1},
  pages={110--136},
  year={2003},
  publisher={Elsevier}
}

@article{schofield2009second,
  title={A second-order accurate material-order-independent interface reconstruction technique for multi-material flow simulations},
  author={Schofield, Samuel P and Garimella, Rao V and Francois, Marianne M and Loub{\`e}re, Rapha{\"e}l},
  journal={Journal of Computational Physics},
  volume={228},
  number={3},
  pages={731--745},
  year={2009},
  publisher={Elsevier}
}

@article{servio2003morphology,
  title={Morphology of methane and carbon dioxide hydrates formed from water droplets},
  author={Servio, Phillip and Englezos, Peter},
  journal={AIChE journal},
  volume={49},
  number={1},
  pages={269--276},
  year={2003},
  publisher={Wiley Online Library}
}

@book{shin1992results,
  title={Results of an icing test on a NACA 0012 airfoil in the NASA Lewis Icing Research Tunnel},
  author={Shin, Jaiwon and Bond, Thomas H},
  year={1992},
  publisher={National Aeronautics and Space Administration}
}

@article{sijoy2010volume,
  title={Volume-of-fluid algorithm with different modified dynamic material ordering methods and their comparisons},
  author={Sijoy, CD and Chaturvedi, Shashank},
  journal={Journal of Computational Physics},
  volume={229},
  number={10},
  pages={3848--3863},
  year={2010},
  publisher={Elsevier}
}

@article{smith2002projection,
  title={A projection method for motion of triple junctions by level sets},
  author={Smith, Kurt A and Solis, Francisco J and Chopp, David},
  journal={Interfaces and Free Boundaries},
  volume={4},
  number={3},
  pages={263--276},
  year={2002}
}

@article{snoeijer2012pointy,
  title={Pointy ice-drops: How water freezes into a singular shape},
  author={Snoeijer, Jacco H and Brunet, Philippe},
  journal={American journal of physics},
  volume={80},
  number={9},
  pages={764--771},
  year={2012},
  publisher={American Association of Physics Teachers}
}

@article{son2002coupled,
  title={A coupled level set and volume-of-fluid method for the buoyancy-driven motion of fluid particles},
  author={Son, Gihun and Hur, Nahmkeon},
  journal={Numerical Heat Transfer: Part B: Fundamentals},
  volume={42},
  number={6},
  pages={523--542},
  year={2002},
  publisher={Taylor \& Francis}
}

@article{starinshak2014new,
  title={A new level set model for multimaterial flows},
  author={Starinshak, David P and Karni, Smadar and Roe, Philip L},
  journal={Journal of Computational Physics},
  volume={262},
  pages={1--16},
  year={2014},
  publisher={Elsevier}
}

@article{sussman2000coupled,
  title={A coupled level set and volume-of-fluid method for computing 3D and axisymmetric incompressible two-phase flows},
  author={Sussman, Mark and Puckett, Elbridge Gerry},
  journal={Journal of Computational Physics},
  volume={162},
  number={2},
  pages={301--337},
  year={2000},
  publisher={Elsevier}
}

@inproceedings{tabakova2010freezing,
  title={Freezing of a supercooled spherical droplet with mixed boundary conditions},
  author={Tabakova, Sonia and Feuillebois, Fran{\c{c}}ois and Radev, Stefan},
  booktitle={Proceedings of the Royal Society of London A: Mathematical, Physical and Engineering Sciences},
  volume={466},
  pages={1117--1134},
  year={2010},
  organization={The Royal Society}
}

@article{tabakova2004solidification,
  title={On the solidification of a supercooled liquid droplet lying on a surface},
  author={Tabakova, S and Feuillebois, F},
  journal={Journal of colloid and interface science},
  volume={272},
  number={1},
  pages={225--234},
  year={2004},
  publisher={Elsevier}
}

@article{tabbara2012modelling,
  title={Modelling of impingement phenomena for molten metallic droplets with low to high velocities},
  author={Tabbara, H and Gu, S},
  journal={International Journal of Heat and Mass Transfer},
  volume={55},
  number={7},
  pages={2081--2086},
  year={2012},
  publisher={Elsevier}
}

@article{tanguy2014benchmarks,
  title={Benchmarks and numerical methods for the simulation of boiling flows},
  author={Tanguy, S{\'e}bastien and Sagan, Micha{\"e}l and Lalanne, Benjamin and Couderc, Fr{\'e}d{\'e}ric and Colin, Catherine},
  journal={Journal of Computational Physics},
  volume={264},
  pages={1--22},
  year={2014},
  publisher={Elsevier}
}

@article{tavakoli2015freezing,
  title={Freezing of supercooled water drops on cold solid substrates: Initiation and mechanism},
  author={Tavakoli, Faryar and Davis, Stephen H and Kavehpour, H Pirouz},
  journal={Journal of Coatings Technology and Research},
  volume={12},
  number={5},
  pages={869--875},
  year={2015},
  publisher={Springer}
}

@article{tran1995ice,
  title={Ice accretion on aircraft wings with thermodynamic effects},
  author={Tran, P and Brahimi, MT and Paraschivoiu, I and Pueyo, A and Tezok, F},
  journal={Journal of aircraft},
  volume={32},
  number={2},
  pages={444--446},
  year={1995}
}

@article{ubbink1999method,
  title={A method for capturing sharp fluid interfaces on arbitrary meshes},
  author={Ubbink, O and Issa, RI},
  journal={Journal of Computational Physics},
  volume={153},
  number={1},
  pages={26--50},
  year={1999},
  publisher={Elsevier}
}

@article{unlusu2008investigation,
  title={Investigation of Hydrogen Droplet Solidification in Cryogenic Helium},
  author={Unlusu, Betul and Xu, Jinquan and Hussaini, M Yousuff and Celik, Dogan and Van Sciver, Steven W},
  journal={Journal of Thermophysics and Heat Transfer},
  volume={22},
  number={1},
  pages={83--89},
  year={2008}
}

@article{vahab2015front,
  title={A front-tracking shock-capturing method for two gases},
  author={Vahab, Mehdi and Miller, Gregory},
  journal={Communications in Applied Mathematics and Computational Science},
  volume={11},
  number={1},
  pages={1--35},
  year={2015},
  publisher={Mathematical Sciences Publishers}
}

@article{vincent2010eulerian,
  title={Eulerian--Lagrangian multiscale methods for solving scalar equations--Application to incompressible two-phase flows},
  author={Vincent, St{\'e}phane and Balmig{\`e}re, Guillaume and Caltagirone, Jean-Paul and Meillot, Erick},
  journal={Journal of Computational Physics},
  volume={229},
  number={1},
  pages={73--106},
  year={2010},
  publisher={Elsevier}
}

@article{vincent2015penalty,
  title={Penalty and Eulerian--Lagrangian VOF methods for impact and solidification of metal droplets plasma spray process},
  author={Vincent, St{\'e}phane and Le Bot, C{\'e}dric and Sarret, Fr{\'e}d{\'e}ric and Meillot, Erick and Caltagirone, Jean-Paul and Bianchi, Luc},
  journal={Computers \& Fluids},
  volume={113},
  pages={32--41},
  year={2015},
  publisher={Elsevier}
}
VollerCross1981accurate - Accurate solutions of moving boundary problems using the enthalpy method

@article{voller1981accurate,
  title={Accurate solutions of moving boundary problems using the enthalpy method},
  author={Voller, V and Cross, M},
  journal={International Journal of Heat and Mass Transfer},
  volume={24},
  number={3},
  pages={545--556},
  year={1981},
  publisher={Elsevier}
}

@article{voller1985implicit,
  title={Implicit finite—difference solutions of the enthalpy formulation of Stefan problems},
  author={Voller, VR},
  journal={IMA journal of numerical analysis},
  volume={5},
  number={2},
  pages={201--214},
  year={1985},
  publisher={Oxford University Press}
}

@article{vu2013front,
  title={A Front-Tracking Method for Three-Phase Computations of Solidification with Volume Change},
  author={Vu, Truong V and Tryggvason, Gretar and Homma, Shunji and Wells, John C and Takakura, Hideyuki},
  journal={Journal of Chemical Engineering of Japan},
  volume={46},
  number={11},
  pages={726--731},
  year={2013},
  publisher={The Society of Chemical Engineers, Japan}
}

@article{wang2012hybrid,
  title={A hybrid level set-volume constraint method for incompressible two-phase flow},
  author={Wang, Yaohong and Simakhina, S and Sussman, Mark},
  journal={Journal of Computational Physics},
  volume={231},
  number={19},
  pages={6438--6471},
  year={2012},
  publisher={Elsevier}
}

@article{weymouth2010conservative,
  title={Conservative Volume-of-Fluid method for free-surface simulations on Cartesian-grids},
  author={Weymouth, GD and Yue, Dick K-P},
  journal={Journal of Computational Physics},
  volume={229},
  number={8},
  pages={2853--2865},
  year={2010},
  publisher={Elsevier}
}

@Misc{wright2008user,
  title={User's Manual for LEWICE Version 3.2},
  author={Wright, William},
  year={2008}
}

@article{xu2004hydrogen,
  title={Hydrogen particles in liquid helium},
  author={Xu, J and Smith, KM and Celik, D and Hussaini, MY and Van Sciver, SW},
  journal={Cryogenics},
  volume={44},
  number={6},
  pages={507--514},
  year={2004},
  publisher={Elsevier}
}

@article{xu2005drop,
  title={Drop splashing on a dry smooth surface},
  author={Xu, Lei and Zhang, Wendy W and Nagel, Sidney R},
  journal={Physical review letters},
  volume={94},
  number={18},
  pages={184505},
  year={2005},
  publisher={APS}
}

@article{yokoi2016density,
  title={Density-Scaled Balanced Continuum Surface Force Model with a Level Set Based Curvature Interpolation Technique},
  author={Yokoi, Kensuke and Onishi, Ryo and Deng, Xiao-Long and Sussman, Mark},
  journal={International Journal of Computational Methods},
  pages={1641004},
  year={2016},
  publisher={World Scientific}
}

@Misc{zhang2014experimental,
  title={An Experimental Investigation on Wind-Driven Rivulet/Film Flows over a NACA0012 Airfoil by Using Digital Image Projection Technique},
  author={Zhang, Kai and Blake, Johnson and Rothmayer Alric, Hui Hu},
  year={2014}
}

@article{zheng2000adaptive,
  title={An adaptive level set method for moving-boundary problems: application to droplet spreading and solidification},
  author={Zheng, LL and Zhang, H},
  journal={Numerical Heat Transfer: Part B: Fundamentals},
  volume={37},
  number={4},
  pages={437--454},
  year={2000},
  publisher={Taylor \& Francis}
}

@article{ASURIMUKUNDAN2022110864,
title = {A hybrid moment of fluid–level set framework for simulating primary atomization},
journal = {Journal of Computational Physics},
volume = {451},
pages = {110864},
year = {2022},
issn = {0021-9991},
doi = {https://doi.org/10.1016/j.jcp.2021.110864},
url = {https://www.sciencedirect.com/science/article/pii/S0021999121007592},
author = {Anirudh {Asuri Mukundan} and Thibaut Ménard and Jorge César {Brändle de Motta} and Alain Berlemont},
keywords = {DNS, Primary atomization, Incompressible flow, Multiphase flow, Moment of fluid method, Level set method}
}

@article{anderson2010smooth,
  title={Smooth, volume-accurate material interface reconstruction},
  author={Anderson, John C and Garth, Christoph and Duchaineau, Mark A and Joy, Kenneth I},
  journal={IEEE Transactions on visualization and computer graphics},
  volume={16},
  number={5},
  pages={802--814},
  year={2010},
  publisher={IEEE}
}

@article{ancellin2022extension,
  title={Extension of generic two-component VOF interface advection schemes to an arbitrary number of components},
  author={Ancellin, Matthieu and Despr{\'e}s, Bruno and Jaouen, St{\'e}phane},
  journal={Journal of Computational Physics},
  pages={111721},
  year={2022},
  publisher={Elsevier}
}

@article{HUANG2022110795,
title = {A consistent and conservative Phase-Field model for thermo-gas-liquid-solid flows including liquid-solid phase change},
journal = {Journal of Computational Physics},
volume = {449},
pages = {110795},
year = {2022},
issn = {0021-9991},
doi = {https://doi.org/10.1016/j.jcp.2021.110795},
url = {https://www.sciencedirect.com/science/article/pii/S0021999121006902},
author = {Ziyang Huang and Guang Lin and Arezoo M. Ardekani},
keywords = {Consistent model, Phase change, Solidification/melting, Multiphase flow, Fluid-structure interaction, Phase-Field}
}

@article{shetabivash2020multiple,
  title={A multiple level-set approach for modelling containerless freezing process},
  author={Shetabivash, H and Dolatabadi, A and Paraschivoiu, M},
  journal={Journal of Computational Physics},
  volume={415},
  pages={109527},
  year={2020},
  publisher={Elsevier}
}

@article{vu2015numerical,
  title={Numerical investigations of drop solidification on a cold plate in the presence of volume change},
  author={Vu, Truong V and Tryggvason, G and Homma, S and Wells, John C},
  journal={International Journal of Multiphase Flow},
  volume={76},
  pages={73--85},
  year={2015},
  publisher={Elsevier}
}

@article{helsby1955behaviour,
  title={Behaviour of air bubbles in aqueous solutions},
  author={F.W. Helsby and K.R. Tuson},
  journal={Research},
  volume={8},
  pages={270--275},
  year={1955}
}

@article{OHTA20111059,
title = {Robust numerical analysis of the dynamic bubble formation process in a viscous liquid},
journal = {International Journal of Multiphase Flow},
volume = {37},
number = {9},
pages = {1059-1071},
year = {2011},
issn = {0301-9322},
doi = {https://doi.org/10.1016/j.ijmultiphaseflow.2011.05.012},
url = {https://www.sciencedirect.com/science/article/pii/S0301932211001194},
author = {Mitsuhiro Ohta and Daisuke Kikuchi and Yutaka Yoshida and Mark Sussman},
keywords = {Bubble formation, Bubble dynamics, Numerical analysis, CLSVOF method}
}


@article{hu2010icing,
  title={An icing physics study by using lifetime-based molecular tagging thermometry technique},
  author={Hu, Hui and Jin, Zheyan},
  journal={International Journal of Multiphase Flow},
  volume={36},
  number={8},
  pages={672--681},
  year={2010},
  publisher={Elsevier}
}

@article{MIAO2021109358,
title = {Calibration method of the laser beam based on liquid lens for 3D precise measurement},
journal = {Measurement},
volume = {178},
pages = {109358},
year = {2021},
issn = {0263-2241},
doi = {https://doi.org/10.1016/j.measurement.2021.109358},
url = {https://www.sciencedirect.com/science/article/pii/S0263224121003535},
author = {Fengjin Miao and Bin Wu and Zefeng Sun and Congcong Peng},
keywords = {Calibration, Laser beam, Liquid lens, Simulation}
}

@article{JARAUTA20181196,
title = {An implicit surface tension model for the analysis of droplet dynamics},
journal = {Journal of Computational Physics},
volume = {374},
pages = {1196-1218},
year = {2018},
issn = {0021-9991},
doi = {https://doi.org/10.1016/j.jcp.2018.08.001},
url = {https://www.sciencedirect.com/science/article/pii/S0021999118305217},
author = {Alex Jarauta and Pavel Ryzhakov and Jordi Pons-Prats and Marc Secanell},
keywords = {Finite element method, Droplet dynamics, Surface tension, Implicit, Lagrangian} }

@article{IdelsohnDelPinRossiOnate2009,
author = {Idelsohn, S. R. and Del Pin, F. and Rossi, R. and Oñate, E.},
title = {Fluid–structure interaction problems with strong added-mass effect},
journal = {International Journal for Numerical Methods in Engineering},
volume = {80},
number = {10},
pages = {1261-1294},
keywords = {added-mass effect, fluid–structure interactions, FSI, pressure segregation},
doi = {https://doi.org/10.1002/nme.2659},
url = {https://onlinelibrary.wiley.com/doi/abs/10.1002/nme.2659},
eprint = {https://onlinelibrary.wiley.com/doi/pdf/10.1002/nme.2659},
year = {2009} }

@article{VAHAB2021,
title = {Fluid-structure interaction of thin flexible bodies in multi-material multi-phase systems},
journal = {Journal of Computational Physics},
volume = {429},
pages = {110008},
year = {2021},
issn = {0021-9991},
doi = {https://doi.org/10.1016/j.jcp.2020.110008},
url = {https://www.sciencedirect.com/science/article/pii/S0021999120307828},
author = {Mehdi Vahab and Mark Sussman and Kourosh Shoele},
keywords = {Fluid-structure interaction, Multi-phase flow, Phase-change, Boiling process, Thin structure}
}




@article{liu2022novel,
title={A novel supermesh method for computing solutions to the multi-material Stefan problem with complex deforming interfaces and microstructure},
author={Liu, Yang and Sussman, Mark and Lian, Yongsheng and Hussaini, M Yousuff and Vahab, Mehdi and Shoele, Kourosh},
journal={Journal of Scientific Computing},
volume={91},
number={1},
pages={1--40},
year={2022},
publisher={Springer}
}

@inproceedings{vahab2016adaptive,
title={An adaptive coupled level set and moment-of-fluid method for simulating droplet impact and solidification on solid surfaces with application to aircraft icing},
author={Vahab, Mehdi and Pei, Chaoxu and Hussaini, Mohammad Y and Sussman, Mark and Lian, Yongsheng},
booktitle={54th AIAA Aerospace Sciences Meeting},
pages={1340},
year={2016}
}

@article{pei2019hierarchical,
  title={A hierarchical space-time spectral element and moment-of-fluid method for improved capturing of vortical structures in incompressible multi-phase/multi-material flows},
  author={Pei, Chaoxu and Vahab, Mehdi and Sussman, Mark and Hussaini, M Yousuff},
  journal={Journal of Scientific Computing},
  volume={81},
  number={3},
  pages={1527--1566},
  year={2019},
  publisher={Springer}
}


@article{lyu2021hybrid,
title={A hybrid VOF-IBM method for the simulation of freezing liquid films and freezing drops},
author={Lyu, Sijia and Wang, Ke and Zhang, Zhentong and Pedrono, Anna{\"\i}g and Sun, Chao and Legendre, Dominique},
journal={Journal of Computational Physics},
volume={432},
pages={110160},
year={2021},
publisher={Elsevier}
}

@article{milcent2020moment,
title={Moment-of-fluid analytic reconstruction on 3D rectangular hexahedrons},
author={Milcent, Thomas and Lemoine, Antoine},
journal={Journal of Computational Physics},
volume={409},
pages={109346},
year={2020},
publisher={Elsevier}
}

@article{zalesak1979fully,
  title={Fully multidimensional flux-corrected transport algorithms for fluids},
  author={Zalesak, Steven T},
  journal={Journal of computational physics},
  volume={31},
  number={3},
  pages={335--362},
  year={1979},
  publisher={Elsevier}
}
@article{welch2000volume,
  title={A volume of fluid based method for fluid flows with phase change},
  author={Welch, Samuel WJ and Wilson, John},
  journal={Journal of computational physics},
  volume={160},
  number={2},
  pages={662--682},
  year={2000},
  publisher={Elsevier}
}

@inproceedings{bentz1992jet,
title={Jet mixing in low gravity-Results of the Tank Pressure Control Experiment},
author={BENTZ, M and MESEROLE, J and KNOLL, R},
booktitle={28th Joint Propulsion Conference and Exhibit},
pages={3060},
year={1992}
}

@inproceedings{bentz1993low,
title={Low-g fluid mixing-Further results from the Tank Pressure Control Experiment},
author={BENTZ, M and KNOLL, R and Hasan, M and LIN, C},
booktitle={29th Joint Propulsion Conference and Exhibit},
pages={2423},
year={1993}
}


@article{REMMERSWAAL2022111473,
title = {Parabolic interface reconstruction for 2D volume of fluid methods},
journal = {Journal of Computational Physics},
volume = {469},
pages = {111473},
year = {2022},
issn = {0021-9991},
doi = {https://doi.org/10.1016/j.jcp.2022.111473},
url = {https://www.sciencedirect.com/science/article/pii/S0021999122005356},
author = {Ronald A. Remmerswaal and Arthur E.P. Veldman},
keywords = {Two-phase flow, Volume of fluid method, Parabolic reconstruction},
}

@article{godunov1959finite,
  title={Finite difference method for numerical computation of discontinuous solutions of the equations of fluid dynamics},
  author={Godunov, Sergei K and Bohachevsky, I},
  journal={Matemati{\v{c}}eskij sbornik},
  volume={47},
  number={3},
  pages={271--306},
  year={1959}
}

@article{colella1984piecewise,
  title={The piecewise parabolic method (PPM) for gas-dynamical simulations},
  author={Colella, Phillip and Woodward, Paul R},
  journal={Journal of computational physics},
  volume={54},
  number={1},
  pages={174--201},
  year={1984},
  publisher={Elsevier}
}

@article{van1979towards,
  title={Towards the ultimate conservative difference scheme. V. A second-order sequel to Godunov's method},
  author={Van Leer, Bram},
  journal={Journal of computational Physics},
  volume={32},
  number={1},
  pages={101--136},
  year={1979},
  publisher={Elsevier}
}

@article{harten1997high,
 title={High resolution schemes for hyperbolic conservation laws},
 author={Harten, Ami},
 journal={Journal of computational physics},
 volume={135},
 number={2},
 pages={260--278},
 year={1997},
 publisher={Elsevier}
}

@article{shu1988efficient,
 title={Efficient implementation of essentially non-oscillatory shock-capturing schemes},
 author={Shu, Chi-Wang and Osher, Stanley},
 journal={Journal of computational physics},
 volume={77},
 number={2},
 pages={439--471},
 year={1988},
 publisher={Elsevier}
}

@article{saurel1999multiphase,
 title={A multiphase Godunov method for compressible multifluid and multiphase flows},
 author={Saurel, Richard and Abgrall, R{\'e}mi},
 journal={Journal of Computational Physics},
 volume={150},
 number={2},
 pages={425--467},
 year={1999},
 publisher={Elsevier}
}

@misc{godunov1954different,
  title={Ph.D. Dissertation: Different Methods for Shock Waves Moscow State University},
  author={Godunov, SK},
  year={1954},
  publisher={Russia}
}

@article{glimm1981front,
  title={Front tracking for hyperbolic systems},
  author={Glimm, Jo and Isaacson, Eli and Marchesin, D and McBryan, O},
  journal={Advances in Applied Mathematics},
  volume={2},
  number={1},
  pages={91--119},
  year={1981},
  publisher={Elsevier}
}

@article{unverdi1992front,
  title={A front-tracking method for viscous, incompressible, multi-fluid flows},
  author={Unverdi, Salih Ozen and Tryggvason, Gr{\'e}tar},
  journal={Journal of computational physics},
  volume={100},
  number={1},
  pages={25--37},
  year={1992},
  publisher={Elsevier}
}

@article{markstein1951interaction,
  title={Interaction of flow pulsations and flame propagation},
  author={Markstein, GH},
  journal={Journal of the Aeronautical Sciences},
  volume={18},
  number={6},
  pages={428--429},
  year={1951}
}

@article{brackbill1992continuum,
  title={A continuum method for modeling surface tension},
  author={Brackbill, Jeremiah U and Kothe, Douglas B and Zemach, Charles},
  journal={Journal of computational physics},
  volume={100},
  number={2},
  pages={335--354},
  year={1992},
  publisher={Elsevier}
}

@article{olsson2005conservative,
  title={A conservative level set method for two phase flow},
  author={Olsson, Elin and Kreiss, Gunilla},
  journal={Journal of computational physics},
  volume={210},
  number={1},
  pages={225--246},
  year={2005},
  publisher={Elsevier}
}

@article{sussman1994level,
  title={A level set approach for computing solutions to incompressible two-phase flow},
  author={Sussman, Mark and Smereka, Peter and Osher, Stanley},
  journal={Journal of Computational physics},
  volume={114},
  number={1},
  pages={146--159},
  year={1994},
  publisher={Elsevier}
}

@article{QiuETALPINNPHASEFIELD2022,
    author = {Qiu, Rundi and Huang, Renfang and Xiao, Yao and Wang, Jingzhu and Zhang, Zhen and Yue, Jieshun and Zeng, Zhong  and Wang, Yiwei},
    title = "{Physics-informed neural networks for phase-field method in two-phase flow}",
    journal = {Physics of Fluids},
    volume = {34},
    number = {5},
    year = {2022},
    month = {05},
    abstract = "{The complex flow modeling based on machine learning is becoming a promising way to describe multiphase fluid systems. This work demonstrates how a physics-informed neural network promotes the combination of traditional governing equations and advanced interface evolution equations without intricate algorithms. We develop physics-informed neural networks for the phase-field method (PF-PINNs) in two-dimensional immiscible incompressible two-phase flow. The Cahn–Hillard equation and Navier–Stokes equations are encoded directly into the residuals of a fully connected neural network. Compared with the traditional interface-capturing method, the phase-field model has a firm physical basis because it is based on the Ginzburg–Landau theory and conserves mass and energy. It also performs well in two-phase flow at the large density ratio. However, the high-order differential nonlinear term of the Cahn–Hilliard equation poses a great challenge for obtaining numerical solutions. Thus, in this work, we adopt neural networks to tackle the challenge by solving high-order derivate terms and capture the interface adaptively. To enhance the accuracy and efficiency of PF-PINNs, we use the time-marching strategy and the forced constraint of the density and viscosity. The PF-PINNs are tested by two cases for presenting the interface-capturing ability of PINNs and evaluating the accuracy of PF-PINNs at the large density ratio (up to 1000). The shape of the interface in both cases coincides well with the reference results, and the dynamic behavior of the second case is precisely captured. We also quantify the variations in the center of mass and increasing velocity over time for validation purposes. The results show that PF-PINNs exploit the automatic differentiation without sacrificing the high accuracy of the phase-field method.}",
    issn = {1070-6631},
    doi = {10.1063/5.0091063},
    url = {https://doi.org/10.1063/5.0091063},
    note = {052109},
    eprint = {https://pubs.aip.org/aip/pof/article-pdf/doi/10.1063/5.0091063/16624358/052109\_1\_online.pdf}
}

@article{huang2020consistent,
  title={Consistent, essentially conservative and balanced-force phase-field method to model incompressible two-phase flows},
  author={Huang, Ziyang and Lin, Guang and Ardekani, Arezoo M},
  journal={Journal of Computational Physics},
  volume={406},
  pages={109192},
  year={2020},
  publisher={Elsevier}
}

@article{SalasShockfitting1976,
author = {Salas, Manuel D.},
title = {Shock Fitting Method for Complicated Two-Dimensional Supersonic Flows},
journal = {AIAA Journal},
volume = {14},
number = {5},
pages = {583-588},
year = {1976},
doi = {10.2514/3.61399},

URL = { 
    
        https://doi.org/10.2514/3.61399
    
    

},
eprint = { 
    
        https://doi.org/10.2514/3.61399
    
    

}

}


@article{enright2002hybrid,
  title={A hybrid particle level set method for improved interface capturing},
  author={Enright, Douglas and Fedkiw, Ronald and Ferziger, Joel and Mitchell, Ian},
  journal={Journal of Computational physics},
  volume={183},
  number={1},
  pages={83--116},
  year={2002},
  publisher={Elsevier}
}

@article{shin2009hybrid,
  title={A hybrid interface method for three-dimensional multiphase flows based on front tracking and level set techniques},
  author={Shin, Seungwon and Juric, Damir},
  journal={International Journal for Numerical Methods in Fluids},
  volume={60},
  number={7},
  pages={753--778},
  year={2009},
  publisher={Wiley Online Library}
}

@article{BLATT1967382,
title = {Practical points concerning the solution of the Schrödinger equation},
journal = {Journal of Computational Physics},
volume = {1},
number = {3},
pages = {382-396},
year = {1967},
issn = {0021-9991},
doi = {https://doi.org/10.1016/0021-9991(67)90046-0},
url = {https://www.sciencedirect.com/science/article/pii/0021999167900460},
author = {John M Blatt}
}


@article{FEIT1982412,
title = {Solution of the Schrödinger equation by a spectral method},
journal = {Journal of Computational Physics},
volume = {47},
number = {3},
pages = {412-433},
year = {1982},
issn = {0021-9991},
doi = {https://doi.org/10.1016/0021-9991(82)90091-2},
url = {https://www.sciencedirect.com/science/article/pii/0021999182900912},
author = {M.D Feit and J.A Fleck and A Steiger}}

@article{HAN2019108929,
title = {Solving many-electron Schrödinger equation using deep neural networks},
journal = {Journal of Computational Physics},
volume = {399},
pages = {108929},
year = {2019},
issn = {0021-9991},
doi = {https://doi.org/10.1016/j.jcp.2019.108929},
url = {https://www.sciencedirect.com/science/article/pii/S0021999119306345},
author = {Jiequn Han and Linfeng Zhang and Weinan E},
keywords = {Schrödinger equation, Variational Monte Carlo, Deep neural networks, Trial wave-function},
abstract = {We introduce a new family of trial wave-functions based on deep neural networks to solve the many-electron Schrödinger equation. The Pauli exclusion principle is dealt with explicitly to ensure that the trial wave-functions are physical. The optimal trial wave-function is obtained through variational Monte Carlo and the computational cost scales quadratically with the number of electrons. The algorithm does not make use of any prior knowledge such as atomic orbitals. Yet it is able to represent accurately the ground-states of the tested systems, including He, H2, Be, B, LiH, and a chain of 10 hydrogen atoms. This opens up new possibilities for solving large-scale many-electron Schrödinger equation.}
}


@article{https://doi.org/10.1002/andp.19273892002,
author = {Born, M. and Oppenheimer, R.},
title = {Zur Quantentheorie der Molekeln},
journal = {Annalen der Physik},
volume = {389},
number = {20},
pages = {457-484},
doi = {https://doi.org/10.1002/andp.19273892002},
url = {https://onlinelibrary.wiley.com/doi/abs/10.1002/andp.19273892002},
eprint = {https://onlinelibrary.wiley.com/doi/pdf/10.1002/andp.19273892002},
year = {1927}
}

@article{BAO2002487,
title = {On Time-Splitting Spectral Approximations for the Schrödinger Equation in the Semiclassical Regime},
journal = {Journal of Computational Physics},
volume = {175},
number = {2},
pages = {487-524},
year = {2002},
issn = {0021-9991},
doi = {https://doi.org/10.1006/jcph.2001.6956},
url = {https://www.sciencedirect.com/science/article/pii/S0021999101969566},
author = {Weizhu Bao and Shi Jin and Peter A. Markowich}
}

@article{bernien2017probing,
  title={Probing many-body dynamics on a 51-atom quantum simulator},
  author={Bernien, Hannes and Schwartz, Sylvain and Keesling, Alexander and Levine, Harry and Omran, Ahmed and Pichler, Hannes and Choi, Soonwon and Zibrov, Alexander S and Endres, Manuel and Greiner, Markus and others},
  journal={Nature},
  volume={551},
  number={7682},
  pages={579--584},
  year={2017},
  publisher={Nature Publishing Group UK London}
}

@article{zhang2017observation,
  title={Observation of a many-body dynamical phase transition with a 53-qubit quantum simulator},
  author={Zhang, Jiehang and Pagano, Guido and Hess, Paul W and Kyprianidis, Antonis and Becker, Patrick and Kaplan, Harvey and Gorshkov, Alexey V and Gong, Z-X and Monroe, Christopher},
  journal={Nature},
  volume={551},
  number={7682},
  pages={601--604},
  year={2017},
  publisher={Nature Publishing Group UK London}
}

@article{cerezo2021variational,
  title={Variational quantum algorithms},
  author={Cerezo, Marco and Arrasmith, Andrew and Babbush, Ryan and Benjamin, Simon C and Endo, Suguru and Fujii, Keisuke and McClean, Jarrod R and Mitarai, Kosuke and Yuan, Xiao and Cincio, Lukasz and others},
  journal={Nature Reviews Physics},
  volume={3},
  number={9},
  pages={625--644},
  year={2021},
  publisher={Nature Publishing Group UK London}
}

@article{anshu2021sample,
  title={Sample-efficient learning of interacting quantum systems},
  author={Anshu, Anurag and Arunachalam, Srinivasan and Kuwahara, Tomotaka and Soleimanifar, Mehdi},
  journal={Nature Physics},
  volume={17},
  number={8},
  pages={931--935},
  year={2021},
  publisher={Nature Publishing Group UK London}
}

@article{PhysRevLett.132.250603,
  title = {Single-Electron Qubits Based on Quantum Ring States on Solid Neon Surface},
  author = {Kanai, Toshiaki and Jin, Dafei and Guo, Wei},
  journal = {Phys. Rev. Lett.},
  volume = {132},
  issue = {25},
  pages = {250603},
  numpages = {6},
  year = {2024},
  month = {Jun},
  publisher = {American Physical Society},
  doi = {10.1103/PhysRevLett.132.250603},
  url = {https://link.aps.org/doi/10.1103/PhysRevLett.132.250603}
}

@article{hermann2020deep,
  title={Deep-neural-network solution of the electronic Schr{\"o}dinger equation},
  author={Hermann, Jan and Sch{\"a}tzle, Zeno and No{\'e}, Frank},
  journal={Nature Chemistry},
  volume={12},
  number={10},
  pages={891--897},
  year={2020},
  publisher={Nature Publishing Group UK London}
}


@article{jiang2024high,
  title={High-accuracy numerical methods and convergence analysis for Schr{\"o}dinger equation with incommensurate potentials},
  author={Jiang, Kai and Li, Shifeng and Zhang, Juan},
  journal={Journal of Scientific Computing},
  volume={101},
  number={1},
  pages={18},
  year={2024},
  publisher={Springer}
}

@article{wang2020localization,
  title={Localization and delocalization of light in photonic moir{\'e} lattices},
  author={Wang, Peng and Zheng, Yuanlin and Chen, Xianfeng and Huang, Changming and Kartashov, Yaroslav V and Torner, Lluis and Konotop, Vladimir V and Ye, Fangwei},
  journal={Nature},
  volume={577},
  number={7788},
  pages={42--46},
  year={2020},
  publisher={Nature Publishing Group UK London}
}

@misc{ilin2024dissipativevariationalquantumalgorithms,
      title={Dissipative variational quantum algorithms for Gibbs state preparation}, 
      author={Yigal Ilin and Itai Arad},
      year={2024},
      eprint={2407.09635},
      archivePrefix={arXiv},
      primaryClass={quant-ph},
      url={https://arxiv.org/abs/2407.09635}, 
}

@misc{somma2024shadowhamiltoniansimulation,
      title={Shadow Hamiltonian Simulation}, 
      author={Rolando D. Somma and Robbie King and Robin Kothari and Thomas O'Brien and Ryan Babbush},
      year={2024},
      eprint={2407.21775},
      archivePrefix={arXiv},
      primaryClass={quant-ph},
      url={https://arxiv.org/abs/2407.21775}, 
}

@article{LIU2024113213,
title = {Dense outputs from quantum simulations},
journal = {Journal of Computational Physics},
volume = {514},
pages = {113213},
year = {2024},
issn = {0021-9991},
doi = {https://doi.org/10.1016/j.jcp.2024.113213},
url = {https://www.sciencedirect.com/science/article/pii/S0021999124004625},
author = {Jin-Peng Liu and Lin Lin}
}

@book{lin2019mathematical,
  title={A mathematical introduction to electronic structure theory},
  author={Lin, Lin and Lu, Jianfeng},
  year={2019},
  publisher={SIAM}
}

@book{nielsen2010quantum,
  title={Quantum computation and quantum information},
  author={Nielsen, Michael A and Chuang, Isaac L},
  year={2010},
  publisher={Cambridge university press}
}

@article{ding2023simultaneous,
  title={Simultaneous estimation of multiple eigenvalues with short-depth quantum circuit on early fault-tolerant quantum computers},
  author={Ding, Zhiyan and Lin, Lin},
  journal={Quantum},
  volume={7},
  pages={1136},
  year={2023},
  publisher={Verein zur F{\"o}rderung des Open Access Publizierens in den Quantenwissenschaften}
}

@article{ding2024random,
  title={Random coordinate descent: A simple alternative for optimizing parameterized quantum circuits},
  author={Ding, Zhiyan and Ko, Taehee and Yao, Jiahao and Lin, Lin and Li, Xiantao},
  journal={Physical Review Research},
  volume={6},
  number={3},
  pages={033029},
  year={2024},
  publisher={APS}
}

@article{LIU2024113213,
title = {Dense outputs from quantum simulations},
journal = {Journal of Computational Physics},
volume = {514},
pages = {113213},
year = {2024},
issn = {0021-9991},
doi = {https://doi.org/10.1016/j.jcp.2024.113213},
url = {https://www.sciencedirect.com/science/article/pii/S0021999124004625},
author = {Jin-Peng Liu and Lin Lin}
}

@article{lin2016approximating,
  title={Approximating spectral densities of large matrices},
  author={Lin, Lin and Saad, Yousef and Yang, Chao},
  journal={SIAM review},
  volume={58},
  number={1},
  pages={34--65},
  year={2016},
  publisher={SIAM}
}

@INPROCEEDINGS{10628380,
  author={Chen, Kuan-Cheng and Li, Xiaoren and Xu, Xiaotian and Wang, Yun-Yuan and Liu, Chen-Yu},
  booktitle={2024 International Conference on Quantum Communications, Networking, and Computing (QCNC)}, 
  title={Quantum-Classical-Quantum Workflow in Quantum-HPC Middleware with GPU Acceleration}, 
  year={2024},
  volume={},
  number={},
  pages={304-311},
  keywords={Quantum system;Quantum computing;Accuracy;Machine learning algorithms;Tensors;Computer architecture;Prediction algorithms;Quantum Machine Learning;Distributed Quantum Computing;Quantum Software;Quantum Simulation;cuQuantum SDK;Tensor Network},
  doi={10.1109/QCNC62729.2024.00017}}

@book{ramkarthik2021numerical,
  title={Numerical recipes in quantum information theory and quantum computing: an adventure in FORTRAN 90},
  author={Ramkarthik, MS and Solanki, Payal D},
  year={2021},
  publisher={CRC Press}
}

@article{biamonte2017quantum,
  title={Quantum machine learning},
  author={Biamonte, Jacob and Wittek, Peter and Pancotti, Nicola and Rebentrost, Patrick and Wiebe, Nathan and Lloyd, Seth},
  journal={Nature},
  volume={549},
  number={7671},
  pages={195--202},
  year={2017},
  publisher={Nature Publishing Group UK London}
}

@article{Benedetti_2019,
doi = {10.1088/2058-9565/ab4eb5},
url = {https://dx.doi.org/10.1088/2058-9565/ab4eb5},
year = {2019},
month = {nov},
publisher = {IOP Publishing},
volume = {4},
number = {4},
pages = {043001},
author = {Marcello Benedetti and Erika Lloyd and Stefan Sack and Mattia Fiorentini},
title = {Parameterized quantum circuits as machine learning models},
journal = {Quantum Science and Technology}
}

@article{PhysRevResearch.1.023025,
  title = {Variational quantum eigensolver with fewer qubits},
  author = {Liu, Jin-Guo and Zhang, Yi-Hong and Wan, Yuan and Wang, Lei},
  journal = {Phys. Rev. Res.},
  volume = {1},
  issue = {2},
  pages = {023025},
  numpages = {10},
  year = {2019},
  month = {Sep},
  publisher = {American Physical Society},
  doi = {10.1103/PhysRevResearch.1.023025},
  url = {https://link.aps.org/doi/10.1103/PhysRevResearch.1.023025}
}

@inproceedings{saurabh2023conceptual,
  title={A conceptual architecture for a quantum-hpc middleware},
  author={Saurabh, Nishant and Jha, Shantenu and Luckow, Andre},
  booktitle={2023 IEEE International Conference on Quantum Software (QSW)},
  pages={116--127},
  year={2023},
  organization={IEEE}
}

@article{uvarov2020machine,
  title={Machine learning phase transitions with a quantum processor},
  author={Uvarov, AV and Kardashin, AS and Biamonte, Jacob D},
  journal={Physical Review A},
  volume={102},
  number={1},
  pages={012415},
  year={2020},
  publisher={APS}
}

@article{khait2023variational,
  title={Variational quantum eigensolvers in the era of distributed quantum computers},
  author={Khait, Ilia and Tham, Edwin and Segal, Dvira and Brodutch, Aharon},
  journal={Physical Review A},
  volume={108},
  number={5},
  pages={L050401},
  year={2023},
  publisher={APS}
}

@article{huang2020predicting,
  title={Predicting many properties of a quantum system from very few measurements},
  author={Huang, Hsin-Yuan and Kueng, Richard and Preskill, John},
  journal={Nature Physics},
  volume={16},
  number={10},
  pages={1050--1057},
  year={2020},
  publisher={Nature Publishing Group UK London}
}


@article{cong2019quantum,
  title={Quantum convolutional neural networks},
  author={Cong, Iris and Choi, Soonwon and Lukin, Mikhail D},
  journal={Nature Physics},
  volume={15},
  number={12},
  pages={1273--1278},
  year={2019},
  publisher={Nature Publishing Group UK London}
}

@incollection{yeomans1988theory,
  title={The theory and application of axial Ising models},
  author={Yeomans, Julia},
  booktitle={Solid State Physics},
  volume={41},
  pages={151--200},
  year={1988},
  publisher={Elsevier}
}

@inproceedings{parekh2021quantum,
  title={Quantum algorithms and simulation for parallel and distributed quantum computing},
  author={Parekh, Rhea and Ricciardi, Andrea and Darwish, Ahmed and DiAdamo, Stephen},
  booktitle={2021 IEEE/ACM Second International Workshop on Quantum Computing Software (QCS)},
  pages={9--19},
  year={2021},
  organization={IEEE}
}


@article{vallero2024state,
  title={State of practice: evaluating GPU performance of state vector and tensor network methods},
  author={Vallero, Marzio and Vella, Flavio and Rech, Paolo},
  journal={arXiv preprint arXiv:2401.06188},
  year={2024}
}

@article{nguyen2022tensor,
  title={Tensor network quantum virtual machine for simulating quantum circuits at exascale},
  author={Nguyen, Thien and Lyakh, Dmitry and Dumitrescu, Eugene and Clark, David and Larkin, Jeff and McCaskey, Alexander},
  journal={ACM Transactions on Quantum Computing},
  volume={4},
  number={1},
  pages={1--21},
  year={2022},
  publisher={ACM New York, NY}
}


@article{liu2024training,
  title={Training classical neural networks by quantum machine learning},
  author={Liu, Chen-Yu and Kuo, En-Jui and Lin, Chu-Hsuan Abraham and Chen, Sean and Young, Jason Gemsun and Chang, Yeong-Jar and Hsieh, Min-Hsiu},
  journal={arXiv preprint arXiv:2402.16465},
  year={2024}
}

@INPROCEEDINGS{10313722,
  author={Bayraktar, Harun and Charara, Ali and Clark, David and Cohen, Saul and Costa, Timothy and Fang, Yao-Lung L. and Gao, Yang and Guan, Jack and Gunnels, John and Haidar, Azzam and Hehn, Andreas and Hohnerbach, Markus and Jones, Matthew and Lubowe, Tom and Lyakh, Dmitry and Morino, Shinya and Springer, Paul and Stanwyck, Sam and Terentyev, Igor and Varadhan, Satya and Wong, Jonathan and Yamaguchi, Takuma},
  booktitle={2023 IEEE International Conference on Quantum Computing and Engineering (QCE)}, 
  title={cuQuantum SDK: A High-Performance Library for Accelerating Quantum Science}, 
  year={2023},
  volume={01},
  number={},
  pages={1050-1061},
  keywords={Tensors;Software packages;Computational modeling;Software algorithms;Graphics processing units;Libraries;Quantum circuit;quantum circuit simulation;GPU computing;state vector;tensor network},
  doi={10.1109/QCE57702.2023.00119}}

@article{milburn2000ion,
  title={Ion trap quantum computing with warm ions},
  author={Milburn, GJ and Schneider, S and James, DFV},
  journal={Fortschritte der Physik: Progress of Physics},
  volume={48},
  number={9-11},
  pages={801--810},
  year={2000},
  publisher={Wiley Online Library}
}

@article{Andrade_2022,
doi = {10.1088/2058-9565/ac5f5b},
url = {https://dx.doi.org/10.1088/2058-9565/ac5f5b},
year = {2022},
month = {apr},
publisher = {IOP Publishing},
volume = {7},
number = {3},
pages = {034001},
author = {Bárbara Andrade and Zohreh Davoudi and Tobias Graß and Mohammad Hafezi and Guido Pagano and Alireza Seif},
title = {Engineering an effective three-spin Hamiltonian in trapped-ion systems for applications in quantum simulation},
journal = {Quantum Science and Technology},
abstract = {Trapped-ion quantum simulators, in analog and digital modes, are considered a primary candidate to achieve quantum advantage in quantum simulation and quantum computation. The underlying controlled ion–laser interactions induce all-to-all two-spin interactions via the collective modes of motion through Cirac–Zoller or Mølmer–Sørensen schemes, leading to effective two-spin Hamiltonians, as well as two-qubit entangling gates. In this work, the Mølmer–Sørensen scheme is extended to induce three-spin interactions via tailored first- and second-order spin–motion couplings. The scheme enables engineering single-, two-, and three-spin interactions, and can be tuned via an enhanced protocol to simulate purely three-spin dynamics. Analytical results for the effective evolution are presented, along with detailed numerical simulations of the full dynamics to support the accuracy and feasibility of the proposed scheme for near-term applications. With a focus on quantum simulation, the advantage of a direct analog implementation of three-spin dynamics is demonstrated via the example of matter-gauge interactions in the U(1) lattice gauge theory within the quantum link model. The mapping of degrees of freedom and strategies for scaling the three-spin scheme to larger systems, are detailed, along with a discussion of the expected outcome of the simulation of the quantum link model given realistic fidelities in the upcoming experiments. The applications of the three-spin scheme go beyond the lattice gauge theory example studied here and include studies of static and dynamical phase diagrams of strongly interacting condensed-matter systems modeled by two- and three-spin Hamiltonians.}
}

@article{shastri2021photonics,
  title={Photonics for artificial intelligence and neuromorphic computing},
  author={Shastri, Bhavin J and Tait, Alexander N and Ferreira de Lima, Thomas and Pernice, Wolfram HP and Bhaskaran, Harish and Wright, C David and Prucnal, Paul R},
  journal={Nature Photonics},
  volume={15},
  number={2},
  pages={102--114},
  year={2021},
  publisher={Nature Publishing Group UK London}
}

@article{wanjura2024fully,
  title={Fully nonlinear neuromorphic computing with linear wave scattering},
  author={Wanjura, Clara C and Marquardt, Florian},
  journal={Nature Physics},
  volume={20},
  number={9},
  pages={1434--1440},
  year={2024},
  publisher={Nature Publishing Group UK London}
}

@article{de2024spin,
  title={A spin-optical quantum computing architecture},
  author={de Gliniasty, Gr{\'e}goire and Hilaire, Paul and Emeriau, Pierre-Emmanuel and Wein, Stephen C and Salavrakos, Alexia and Mansfield, Shane},
  journal={Quantum},
  volume={8},
  pages={1423},
  year={2024},
  publisher={Verein zur F{\"o}rderung des Open Access Publizierens in den Quantenwissenschaften}
}

@article{heurtel2023perceval,
  title={Perceval: A software platform for discrete variable photonic quantum computing},
  author={Heurtel, Nicolas and Fyrillas, Andreas and De Gliniasty, Gr{\'e}goire and Le Bihan, Rapha{\"e}l and Malherbe, S{\'e}bastien and Pailhas, Marceau and Bertasi, Eric and Bourdoncle, Boris and Emeriau, Pierre-Emmanuel and Mezher, Rawad and others},
  journal={Quantum},
  volume={7},
  pages={931},
  year={2023},
  publisher={Verein zur F{\"o}rderung des Open Access Publizierens in den Quantenwissenschaften}
}

@inproceedings{muqeet2024machine,
  title={A Machine Learning-Based Error Mitigation Approach for Reliable Software Development on IBM’s Quantum Computers},
  author={Muqeet, Asmar and Ali, Shaukat and Yue, Tao and Arcaini, Paolo},
  booktitle={Companion Proceedings of the 32nd ACM International Conference on the Foundations of Software Engineering},
  pages={80--91},
  year={2024}
}

@article{wiebe2014quantum,
  title={Quantum deep learning},
  author={Wiebe, Nathan and Kapoor, Ashish and Svore, Krysta M},
  journal={arXiv preprint arXiv:1412.3489},
  year={2014}
}

@article{anthony2024stress,
  title={A stress-induced source of phonon bursts and quasiparticle poisoning},
  author={Anthony-Petersen, Robin and Biekert, Andreas and Bunker, Raymond and Chang, Clarence L and Chang, Yen-Yung and Chaplinsky, Luke and Fascione, Eleanor and Fink, Caleb W and Garcia-Sciveres, Maurice and Germond, Richard and others},
  journal={Nature Communications},
  volume={15},
  number={1},
  pages={6444},
  year={2024},
  publisher={Nature Publishing Group UK London}
}

@inproceedings{gamble2019quantum,
  title={Quantum computing: What it is, why we want it, and how we’re trying to get it},
  author={Gamble, Sara},
  booktitle={Frontiers of Engineering: Reports on Leading-Edge Engineering from the 2018 Symposium},
  pages={5--8},
  year={2019},
  organization={National Academies Press}
}

@article{shalf2020future,
  title={The future of computing beyond Moore’s Law},
  author={Shalf, John},
  journal={Philosophical Transactions of the Royal Society A},
  volume={378},
  number={2166},
  pages={20190061},
  year={2020},
  publisher={The Royal Society Publishing}
}

@article{moore2021cramming,
  title={Cramming more components onto integrated circuits (1965)},
  author={Moore, Gordon},
  year={2021}
}

@article{mack2015multiple,
  title={The multiple lives of Moore's law},
  author={Mack, Chris},
  journal={IEEE Spectrum},
  volume={52},
  number={4},
  pages={31--31},
  year={2015},
  publisher={IEEE}
}

@article{markov2014limits,
  title={Limits on fundamental limits to computation},
  author={Markov, Igor L},
  journal={Nature},
  volume={512},
  number={7513},
  pages={147--154},
  year={2014},
  publisher={Nature Publishing Group UK London}
}

@article{
	PhysRevA.110.L030803,
  title = {Exactly solvable model of light-scattering errors in quantum simulations with metastable trapped-ion qubits},
  author = {Lotshaw, Phillip C. and Sawyer, Brian C. and Herold, Creston D. and Buchs, Gilles},
  journal = {Phys. Rev. A},
  volume = {110},
  issue = {3},
  pages = {L030803},
  numpages = {7},
  year = {2024},
  month = {Sep},
  publisher = {American Physical Society},
  doi = {10.1103/PhysRevA.110.L030803},
  url = {https://link.aps.org/doi/10.1103/PhysRevA.110.L030803}
}

@article{PhysRevA.107.062406,
  title = {Modeling noise in global M\o{}lmer-S\o{}rensen interactions applied to quantum approximate optimization},
  author = {Lotshaw, Phillip C. and Battles, Kevin D. and Gard, Bryan and Buchs, Gilles and Humble, Travis S. and Herold, Creston D.},
  journal = {Phys. Rev. A},
  volume = {107},
  issue = {6},
  pages = {062406},
  numpages = {13},
  year = {2023},
  month = {Jun},
  publisher = {American Physical Society},
  doi = {10.1103/PhysRevA.107.062406},
  url = {https://link.aps.org/doi/10.1103/PhysRevA.107.062406}
}

@article{doi:10.1098/rsta.2021.0414,
author = {Lotshaw, Phillip C.  and Xu, Hanjing  and Khalid, Bilal  and Buchs, Gilles  and Humble, Travis S.  and Banerjee, Arnab },
title = {Simulations of frustrated Ising Hamiltonians using quantum approximate optimization},
journal = {Philosophical Transactions of the Royal Society A: Mathematical, Physical and Engineering Sciences},
volume = {381},
number = {2241},
pages = {20210414},
year = {2023},
doi = {10.1098/rsta.2021.0414},

URL = {https://royalsocietypublishing.org/doi/abs/10.1098/rsta.2021.0414},
eprint = {https://royalsocietypublishing.org/doi/pdf/10.1098/rsta.2021.0414}
,
    abstract = { Novel magnetic materials are important for future technological advances. Theoretical and numerical calculations of ground-state properties are essential in understanding these materials, however, computational complexity limits conventional methods for studying these states. Here we investigate an alternative approach to preparing materials ground states using the quantum approximate optimization algorithm (QAOA) on near-term quantum computers. We study classical Ising spin models on unit cells of square, Shastry-Sutherland and triangular lattices, with varying field amplitudes and couplings in the material Hamiltonian. We find relationships between the theoretical QAOA success probability and the structure of the ground state, indicating that only a modest number of measurements (≲100) are needed to find the ground state of our nine-spin Hamiltonians, even for parameters leading to frustrated magnetism. We further demonstrate the approach in calculations on a trapped-ion quantum computer and succeed in recovering each ground state of the Shastry-Sutherland unit cell with probabilities close to ideal theoretical values. The results demonstrate the viability of QAOA for materials ground state preparation in the frustrated Ising limit, giving important first steps towards larger sizes and more complex Hamiltonians where quantum computational advantage may prove essential in developing a systematic understanding of novel materials. This article is part of the theme issue ‘Quantum annealing and computation: challenges and perspectives’. }
}

